,date,price,bedrooms,bathrooms,sqft_living,sqft_lot,floors,waterfront,view,condition,grade,sqft_above,sqft_basement,yr_built,yr_renovated,zipcode,lat,long,sqft_living15,sqft_lot15,sqft_l_price
0,141013,221900.0,3.0,1.0,1180,5650,1.0,0,0,3,7,1180,0.0,1955,141013,98178,47.5112,-122.257,1340,5650,188.05
1,141209,538000.0,3.0,2.25,2570,7242,2.0,0,0,3,7,2170,400.0,1951,141209,98125,47.721000000000004,-122.319,1690,7639,209.34
2,150225,180000.0,2.0,1.0,770,10000,1.0,0,0,3,6,770,0.0,1933,150225,98028,47.7379,-122.23299999999999,2720,8062,233.77
3,141209,604000.0,4.0,3.0,1960,5000,1.0,0,0,5,7,1050,910.0,1965,141209,98136,47.5208,-122.39299999999999,1360,5000,308.16
4,150218,510000.0,3.0,2.0,1680,8080,1.0,0,0,3,8,1680,0.0,1987,150218,98074,47.6168,-122.045,1800,7503,303.57
5,140512,1230000.0,4.0,4.5,5420,101930,1.0,0,0,3,11,3890,1530.0,2001,140512,98053,47.6561,-122.005,4760,101930,226.94
6,140627,257500.0,3.0,2.25,1715,6819,2.0,0,0,3,7,1715,0.0,1995,140627,98003,47.3097,-122.32700000000001,2238,6819,150.15
7,150115,291850.0,3.0,1.5,1060,9711,1.0,0,0,3,7,1060,0.0,1963,150115,98198,47.4095,-122.315,1650,9711,275.33
8,150415,229500.0,3.0,1.0,1780,7470,1.0,0,0,3,7,1050,730.0,1960,150415,98146,47.5123,-122.337,1780,8113,128.93
9,150312,323000.0,3.0,2.5,1890,6560,2.0,0,0,3,7,1890,0.0,2003,150312,98038,47.3684,-122.031,2390,7570,170.9
10,150403,662500.0,3.0,2.5,3560,9796,1.0,0,0,3,8,1860,1700.0,1965,150403,98007,47.6007,-122.145,2210,8925,186.1
11,140527,468000.0,2.0,1.0,1160,6000,1.0,0,0,4,7,860,300.0,1942,140527,98115,47.69,-122.292,1330,6000,403.45
12,140528,310000.0,3.0,1.0,1430,19901,1.5,0,0,4,7,1430,0.0,1927,140528,98028,47.7558,-122.229,1780,12697,216.78
13,141007,400000.0,3.0,1.75,1370,9680,1.0,0,0,4,7,1370,0.0,1977,141007,98074,47.6127,-122.045,1370,10208,291.97
14,150312,530000.0,5.0,2.0,1810,4850,1.5,0,0,3,7,1810,0.0,1900,150312,98107,47.67,-122.39399999999999,1360,4850,292.82
15,150124,650000.0,4.0,3.0,2950,5000,2.0,0,3,3,9,1980,970.0,1979,150124,98126,47.5714,-122.375,2140,4000,220.34
16,140731,395000.0,3.0,2.0,1890,14040,2.0,0,0,3,7,1890,0.0,1994,140731,98019,47.7277,-121.962,1890,14018,208.99
17,140529,485000.0,4.0,1.0,1600,4300,1.5,0,0,4,7,1600,0.0,1916,140529,98103,47.6648,-122.34299999999999,1610,4300,303.12
18,141205,189000.0,2.0,1.0,1200,9850,1.0,0,0,4,7,1200,0.0,1921,141205,98002,47.3089,-122.21,1060,5095,157.5
19,150424,230000.0,3.0,1.0,1250,9774,1.0,0,0,4,7,1250,0.0,1969,150424,98003,47.3343,-122.306,1280,8850,184.0
20,140514,385000.0,4.0,1.75,1620,4980,1.0,0,0,4,7,860,760.0,1947,140514,98133,47.7025,-122.34100000000001,1400,4980,237.65
21,140826,2000000.0,3.0,2.75,3050,44867,1.0,0,4,3,9,2330,720.0,1968,140826,98040,47.5316,-122.23299999999999,4110,20336,655.74
22,140703,285000.0,5.0,2.5,2270,6300,2.0,0,0,3,8,2270,0.0,1995,140703,98092,47.3266,-122.169,2240,7005,125.55
23,140516,252700.0,2.0,1.5,1070,9643,1.0,0,0,3,7,1070,0.0,1985,140516,98030,47.3533,-122.166,1220,8386,236.17
24,141120,329000.0,3.0,2.25,2450,6500,2.0,0,0,4,8,2450,0.0,1985,141120,98030,47.3739,-122.17200000000001,2200,6865,134.29
25,141103,233000.0,3.0,2.0,1710,4697,1.5,0,0,5,6,1710,0.0,1941,141103,98002,47.3048,-122.21799999999999,1030,4705,136.26
26,140626,937000.0,3.0,1.75,2450,2691,2.0,0,0,3,8,1750,700.0,1915,140626,98119,47.6386,-122.36,1760,3573,382.45
27,141201,667000.0,3.0,1.0,1400,1581,1.5,0,0,5,8,1400,0.0,1909,141201,98112,47.6221,-122.314,1860,3861,476.43
28,140624,438000.0,3.0,1.75,1520,6380,1.0,0,0,3,7,790,730.0,1948,140624,98115,47.695,-122.304,1520,6235,288.16
29,150302,719000.0,4.0,2.5,2570,7173,2.0,0,0,3,8,2570,0.0,2005,150302,98052,47.7073,-122.11,2630,6026,279.77
30,141110,580500.0,3.0,2.5,2320,3980,2.0,0,0,3,8,2320,0.0,2003,141110,98027,47.5391,-122.07,2580,3980,250.22
31,141201,280000.0,2.0,1.5,1190,1265,3.0,0,0,3,7,1190,0.0,2005,141201,98133,47.7274,-122.35700000000001,1390,1756,235.29
32,140624,687500.0,4.0,1.75,2330,5000,1.5,0,0,4,7,1510,820.0,1929,140624,98117,47.6823,-122.368,1460,5000,295.06
33,141110,535000.0,3.0,1.0,1090,3000,1.5,0,0,4,8,1090,0.0,1929,141110,98117,47.6889,-122.375,1570,5080,490.83
34,141203,322500.0,4.0,2.75,2060,6659,1.0,0,0,3,7,1280,780.0,1981,141203,98058,47.4276,-122.15700000000001,2020,8720,156.55
35,140613,696000.0,3.0,2.5,2300,3060,1.5,0,0,3,8,1510,790.0,1930,140613,98115,47.6827,-122.31,1590,3264,302.61
36,140528,550000.0,4.0,1.0,1660,34848,1.0,0,0,1,5,930,730.0,1933,140528,98052,47.6621,-122.132,2160,11467,331.33
37,141230,640000.0,4.0,2.0,2360,6000,2.0,0,0,4,8,2360,0.0,1904,141230,98107,47.6702,-122.36200000000001,1730,4700,271.19
38,150213,240000.0,4.0,1.0,1220,8075,1.0,0,0,2,7,890,330.0,1969,150213,98001,47.3341,-122.28200000000001,1290,7800,196.72
39,140620,605000.0,4.0,2.5,2620,7553,2.0,0,0,3,8,2620,0.0,1996,140620,98056,47.5301,-122.18,2620,11884,230.92
40,140715,625000.0,4.0,2.5,2570,5520,2.0,0,0,3,9,2570,0.0,2000,140715,98074,47.6145,-122.027,2470,5669,243.19
41,140811,775000.0,4.0,2.25,4220,24186,1.0,0,0,3,8,2600,1620.0,1984,140811,98166,47.445,-122.34700000000001,2410,30617,183.65
42,140707,861990.0,5.0,2.75,3595,5639,2.0,0,0,3,9,3595,0.0,2014,140707,98053,47.6848,-122.016,3625,5639,239.77
43,141028,685000.0,3.0,1.0,1570,2280,2.0,0,0,3,7,1570,0.0,1922,141028,98119,47.6413,-122.36399999999999,1580,2640,436.31
44,140729,309000.0,3.0,1.0,1280,9656,1.0,0,0,4,6,920,360.0,1959,140729,98058,47.4485,-122.175,1340,8808,241.41
45,140718,488000.0,3.0,2.5,3160,13603,2.0,0,0,3,8,3160,0.0,2003,140718,98019,47.7443,-121.977,3050,9232,154.43
46,150325,210490.0,3.0,1.0,990,8528,1.0,0,0,3,6,990,0.0,1966,150325,98023,47.3066,-122.37100000000001,1228,8840,212.62
47,140716,785000.0,4.0,2.5,2290,13416,2.0,0,0,4,9,2290,0.0,1981,140716,98007,47.6194,-122.15100000000001,2680,13685,342.79
48,150428,450000.0,3.0,1.75,1250,5963,1.0,0,0,4,7,1250,0.0,1953,150428,98115,47.6796,-122.301,970,5100,360.0
49,150311,1350000.0,3.0,2.5,2753,65005,1.0,1,2,5,9,2165,588.0,1953,150311,98070,47.4041,-122.45100000000001,2680,72513,490.37
50,140916,228000.0,3.0,1.0,1190,9199,1.0,0,0,3,7,1190,0.0,1955,140916,98148,47.4258,-122.322,1190,9364,191.6
51,150217,345000.0,5.0,2.5,3150,9134,1.0,0,0,4,8,1640,1510.0,1966,150217,98056,47.4934,-122.189,1990,9133,109.52
52,141231,600000.0,3.0,1.75,1410,4080,1.0,0,0,4,7,1000,410.0,1950,141231,98117,47.6808,-122.384,1410,4080,425.53
53,150205,585000.0,2.0,1.75,1980,8550,1.0,0,0,3,7,990,990.0,1981,150205,98117,47.6989,-122.369,1480,6738,295.45
54,150303,920000.0,5.0,2.25,2730,6000,1.5,0,0,3,8,2130,600.0,1927,150303,98105,47.6571,-122.281,2730,6000,337.0
55,140512,885000.0,4.0,2.5,2830,5000,2.0,0,0,3,9,2830,0.0,1995,140512,98105,47.6597,-122.29,1950,5000,312.72
56,140819,292500.0,4.0,2.5,2250,4495,2.0,0,0,3,7,2250,0.0,2008,140819,98042,47.3663,-122.11399999999999,2250,4500,130.0
57,150407,301000.0,3.0,2.5,2420,4750,2.0,0,0,3,8,2420,0.0,2003,150407,98042,47.3663,-122.12200000000001,2690,4750,124.38
58,140827,951000.0,5.0,3.25,3250,14342,2.0,0,4,4,8,3250,0.0,1968,140827,98008,47.588,-122.116,2960,11044,292.62
59,150223,430000.0,4.0,3.0,1850,9976,2.0,0,0,3,8,1850,0.0,1991,150223,98059,47.5059,-122.149,2270,8542,232.43
60,141210,650000.0,3.0,2.25,2150,21235,1.0,0,3,4,8,1590,560.0,1959,141210,98166,47.4336,-122.339,2570,18900,302.33
61,140828,289000.0,3.0,1.75,1260,8400,1.0,0,0,3,7,1260,0.0,1954,140828,98148,47.4366,-122.335,1290,8750,229.37
62,141021,505000.0,3.0,1.75,2519,8690,2.0,0,0,5,8,2519,0.0,1973,141021,98166,47.4428,-122.344,2500,9500,200.48
63,141207,549000.0,3.0,1.75,1540,1044,3.0,0,0,3,8,1540,0.0,2014,141207,98115,47.6765,-122.32,1580,3090,356.49
64,140603,425000.0,3.0,2.25,1660,6000,1.0,0,0,3,7,1110,550.0,1979,140603,98122,47.6113,-122.29700000000001,1440,4080,256.02
65,141120,317625.0,3.0,2.75,2770,3809,1.5,0,0,5,7,1770,1000.0,1925,141120,98144,47.5747,-122.304,1440,4000,114.67
66,140909,975000.0,4.0,2.5,2720,11049,2.0,0,0,3,10,2720,0.0,1989,140909,98004,47.5815,-122.19200000000001,2750,11049,358.46
67,141009,287000.0,4.0,2.5,2240,4648,2.0,0,0,3,7,2240,0.0,2005,141009,98001,47.3378,-122.257,2221,4557,128.12
68,140825,204000.0,3.0,1.0,1000,12070,1.0,0,0,4,7,1000,0.0,1968,140825,98042,47.3621,-122.11,1010,12635,204.0
69,140612,1330000.0,5.0,2.25,3200,20158,1.0,0,0,3,8,1600,1600.0,1965,140612,98004,47.6303,-122.215,3390,20158,415.62
70,140912,1040000.0,5.0,3.25,4770,50094,1.0,0,0,4,11,3070,1700.0,1973,140912,98005,47.6525,-122.16,3530,38917,218.03
71,150105,325000.0,3.0,2.0,1260,5612,1.0,0,0,4,7,1260,0.0,1972,150105,98034,47.7362,-122.179,1640,4745,257.94
72,140610,571000.0,4.0,2.0,2750,7807,1.5,0,0,5,7,2250,500.0,1916,140610,98125,47.7168,-122.287,1510,7807,207.64
73,140710,360000.0,4.0,2.5,2380,5000,2.0,0,0,3,8,2380,0.0,2005,140710,98038,47.3608,-122.036,2420,5000,151.26
74,150316,349000.0,3.0,1.75,1790,50529,1.0,0,0,5,7,1090,700.0,1965,150316,98042,47.3511,-122.073,1940,50529,194.97
75,141105,832500.0,4.0,4.0,3430,35102,2.0,0,0,4,10,2390,1040.0,1986,141105,98075,47.5822,-121.98700000000001,3240,35020,242.71
76,141013,380000.0,4.0,1.75,1760,7300,1.0,0,0,3,7,880,880.0,1956,141013,98008,47.6034,-122.125,1680,7500,215.91
77,150420,480000.0,3.0,1.0,1040,5060,1.0,0,0,3,7,1040,0.0,1941,150420,98116,47.5636,-122.39399999999999,890,5060,461.54
78,140609,410000.0,3.0,1.0,1410,5060,1.0,0,0,4,7,910,500.0,1956,140609,98133,47.7073,-122.34,1130,5693,290.78
79,150323,720000.0,4.0,2.5,3450,39683,2.0,0,0,3,10,3450,0.0,2002,150323,98010,47.342,-122.025,3350,39750,208.7
80,141202,390000.0,3.0,2.5,2350,5100,2.0,0,0,3,8,2350,0.0,2003,141202,98038,47.3512,-122.008,2350,5363,165.96
81,141222,360000.0,4.0,2.5,1900,5889,2.0,0,0,3,7,1900,0.0,1992,141222,98038,47.349,-122.031,1870,6405,189.47
82,141028,355000.0,2.0,1.0,2020,6720,1.0,0,0,3,7,1010,1010.0,1948,141028,98118,47.5474,-122.291,1720,6720,175.74
83,150128,356000.0,3.0,1.5,1680,8712,1.0,0,0,3,8,1680,0.0,1964,150128,98059,47.4811,-122.149,1850,8797,211.9
84,140602,315000.0,3.0,1.0,960,6634,1.0,0,0,3,6,960,0.0,1952,140602,98125,47.7264,-122.31,1570,7203,328.12
85,141114,940000.0,3.0,1.5,2140,3600,2.0,0,0,3,9,1900,240.0,1925,141114,98119,47.6337,-122.365,2020,4800,439.25
86,141103,305000.0,5.0,2.25,2660,8400,1.5,0,0,5,7,2660,0.0,1961,141103,98092,47.2909,-122.189,1590,8165,114.66
87,140618,461000.0,3.0,3.25,2770,6278,2.0,0,0,3,9,1980,790.0,2006,140618,98056,47.5228,-122.199,1900,7349,166.43
88,140519,215000.0,2.0,2.25,1610,2040,2.0,0,0,4,7,1610,0.0,1979,140519,98056,47.518,-122.194,1950,2025,133.54
89,140904,335000.0,2.0,1.75,1030,1066,2.0,0,0,3,7,765,265.0,2006,140904,98136,47.5394,-122.387,1030,1106,325.24
90,140522,243500.0,4.0,2.5,1980,7403,2.0,0,0,3,7,1980,0.0,1988,140522,98023,47.2897,-122.37200000000001,1980,7510,122.98
91,150311,1100000.0,5.0,2.75,3520,6353,2.0,0,0,4,10,3520,0.0,2001,150311,98199,47.6506,-122.391,2520,6250,312.5
92,150226,153000.0,3.0,1.0,1200,10500,1.0,0,0,3,7,1200,0.0,1962,150226,98023,47.321999999999996,-122.351,1350,10500,127.5
93,140725,430000.0,3.0,1.5,1580,5000,1.0,0,0,3,8,1290,290.0,1939,140725,98117,47.687,-122.38600000000001,1570,4500,272.15
94,141223,700000.0,3.0,1.5,1580,5000,1.0,0,0,3,8,1290,290.0,1939,141223,98117,47.687,-122.38600000000001,1570,4500,443.04
95,140908,905000.0,4.0,2.5,3300,10250,1.0,0,0,3,7,2390,910.0,1946,140908,98040,47.5873,-122.249,1950,6045,274.24
96,150330,247500.0,3.0,1.75,1960,15681,1.0,0,0,3,7,1960,0.0,1967,150330,98032,47.3576,-122.277,1750,15616,126.28
97,140912,199000.0,4.0,1.5,1160,6400,1.0,0,0,4,7,1160,0.0,1975,140912,98023,47.3036,-122.37799999999999,1160,6400,171.55
98,140711,314000.0,3.0,1.75,1810,41800,1.0,0,0,5,7,1210,600.0,1980,140711,98038,47.4109,-121.958,1650,135036,173.48
99,140516,437500.0,3.0,2.5,2320,36847,2.0,0,2,3,9,2320,0.0,1992,140516,98045,47.4838,-121.714,2550,35065,188.58
100,140611,850830.0,3.0,2.5,2070,13241,1.5,0,0,5,9,1270,800.0,1910,140611,98102,47.6415,-122.315,2200,4500,411.03
101,141027,555000.0,3.0,2.0,1980,3478,1.5,0,0,4,7,1440,540.0,1929,141027,98117,47.6775,-122.37200000000001,1610,3478,280.3
102,141212,699950.0,3.0,2.25,2190,107593,2.0,0,0,4,8,2190,0.0,1983,141212,98077,47.7731,-122.08,2570,47777,319.61
103,141007,1090000.0,3.0,2.5,2920,8113,2.0,0,0,3,8,2920,0.0,1950,141007,98004,47.5814,-122.196,2370,8113,373.29
104,140924,290000.0,3.0,1.0,1210,33919,1.0,0,0,3,7,1210,0.0,1954,140924,98058,47.4375,-122.184,1640,14910,239.67
105,150402,375000.0,3.0,2.5,2340,10005,1.0,0,0,4,8,1460,880.0,1978,150402,98058,47.4431,-122.133,2250,8162,160.26
106,140523,460000.0,3.0,1.0,1670,4005,1.5,0,0,4,7,1170,500.0,1939,140523,98117,47.6878,-122.38,1240,4005,275.45
107,140723,188500.0,2.0,1.75,1240,2493,1.0,0,0,4,8,1240,0.0,1985,140723,98198,47.3813,-122.322,1270,4966,152.02
108,150305,680000.0,4.0,2.5,3140,28037,2.0,0,0,4,10,3140,0.0,1991,150305,98077,47.7304,-122.08200000000001,2990,35001,216.56
109,140827,470000.0,5.0,1.75,2030,12342,2.0,0,0,4,7,2030,0.0,1942,140827,98052,47.6417,-122.109,2500,9433,231.53
110,140725,597750.0,4.0,2.5,2310,9624,2.0,0,0,3,8,2310,0.0,1984,140725,98027,47.5386,-122.053,1940,9636,258.77
111,150304,570000.0,3.0,1.75,1260,3328,1.0,0,0,5,6,700,560.0,1905,150304,98103,47.6823,-122.34899999999999,1380,3536,452.38
112,140916,272500.0,3.0,1.75,1540,12600,1.0,0,0,4,7,1160,0.0,1980,140916,98038,47.3624,-122.031,1540,11656,176.95
113,141124,329950.0,3.0,1.75,2080,5969,1.0,0,2,3,7,1080,1000.0,1971,141124,98108,47.5474,-122.295,2090,5500,158.63
114,141028,480000.0,4.0,2.5,3230,16171,2.0,0,0,3,9,2520,710.0,2001,141028,98001,47.3183,-122.25299999999999,2640,8517,148.61
115,141121,740500.0,3.0,3.5,4380,6350,2.0,0,0,3,8,2780,0.0,1900,141121,98117,47.6981,-122.368,1830,6350,169.06
116,140626,518500.0,3.0,3.5,1590,1102,3.0,0,0,3,8,1590,0.0,2010,140626,98103,47.6824,-122.34700000000001,1620,3166,326.1
117,140623,205425.0,2.0,1.0,880,6780,1.0,0,0,4,6,880,0.0,1945,140623,98178,47.5009,-122.24799999999999,1190,6780,233.44
118,150108,171800.0,4.0,2.0,1570,9600,1.0,0,0,3,6,1570,0.0,1950,150108,98168,47.4965,-122.303,1880,9000,109.43
119,150511,535000.0,4.0,1.0,1610,2982,1.5,0,0,4,7,1610,0.0,1925,150511,98144,47.586999999999996,-122.294,1610,4040,332.3
120,150102,660000.0,3.0,2.5,2400,6474,1.0,0,2,3,8,1560,840.0,1964,150102,98177,47.7728,-122.38600000000001,2340,10856,275.0
121,141119,391500.0,3.0,2.0,1450,9132,1.0,0,0,3,7,1450,0.0,1987,141119,98034,47.7288,-122.226,1580,9104,270.0
122,150406,395000.0,2.0,1.0,770,6000,1.0,0,0,3,6,770,0.0,1953,150406,98117,47.6999,-122.36399999999999,1710,6000,512.99
123,141104,445000.0,4.0,1.75,2100,4400,1.5,0,0,5,7,1720,380.0,1924,141104,98118,47.5299,-122.266,1850,4400,211.9
124,140618,770000.0,3.0,2.25,2910,10204,2.0,0,0,3,9,2910,0.0,1990,140618,98052,47.6897,-122.098,2700,13992,264.6
125,150302,1450000.0,4.0,2.75,2750,17789,1.5,0,0,3,8,1980,770.0,1914,150302,98004,47.6141,-122.212,3060,11275,527.27
126,140717,445000.0,3.0,2.25,2100,8201,1.0,0,2,3,8,1620,480.0,1967,140717,98178,47.5091,-122.244,2660,8712,211.9
127,140717,260000.0,4.0,2.25,2160,8811,1.0,0,0,3,8,1360,800.0,1978,140717,98023,47.3129,-122.39,2090,8400,120.37
128,140613,822500.0,5.0,3.5,2320,4960,2.0,0,0,5,7,1720,600.0,1926,140613,98103,47.6763,-122.352,1700,4960,354.53
129,150406,430000.0,4.0,2.5,2070,4310,2.0,0,0,3,7,2070,0.0,2004,150406,98065,47.5319,-121.85,1970,3748,207.73
130,150105,212000.0,3.0,1.75,1060,7875,1.0,0,0,4,7,1060,0.0,1986,150105,98092,47.2761,-122.152,1420,7680,200.0
131,150428,660500.0,4.0,2.25,2010,9603,1.0,0,0,3,8,1440,570.0,1986,150428,98027,47.5343,-122.054,2060,9793,328.61
132,140612,784000.0,3.0,3.5,3950,111078,1.5,0,0,3,9,2460,1490.0,1989,140612,98052,47.696999999999996,-122.072,2480,88500,198.48
133,140512,453246.0,3.0,2.5,2010,2287,2.0,0,0,3,8,1390,620.0,2014,140512,98029,47.5517,-121.99799999999999,1690,1662,225.5
134,150126,675000.0,4.0,3.5,2140,2278,3.0,0,0,3,9,2140,0.0,2005,150126,98107,47.6734,-122.38,1540,2285,315.42
135,140813,199000.0,3.0,1.75,1320,17390,1.0,0,0,4,7,1320,0.0,1956,140813,98003,47.3257,-122.296,1550,19265,150.76
136,140805,220000.0,4.0,1.75,2020,7840,1.0,0,0,3,7,1010,1010.0,1968,140805,98003,47.3309,-122.29899999999999,1750,8140,108.91
137,140529,452000.0,4.0,2.25,2590,10002,1.0,0,0,4,8,1340,1250.0,1968,140529,98028,47.7689,-122.266,1550,10436,174.52
138,140707,382500.0,2.0,1.0,1190,4440,1.0,0,0,3,6,1190,0.0,1981,140707,98125,47.7135,-122.287,1060,5715,321.43
139,140507,519950.0,3.0,2.25,1170,1249,3.0,0,0,3,8,1170,0.0,2014,140507,98107,47.6722,-122.381,1350,1310,444.4
140,140627,665000.0,2.0,1.0,1110,3200,1.0,0,0,3,7,1110,0.0,1925,140627,98119,47.6338,-122.35799999999999,1170,3600,599.1
141,140708,527700.0,5.0,2.5,2820,9375,1.0,0,0,4,8,1550,1270.0,1968,140708,98006,47.5707,-122.12799999999999,2820,9375,187.13
142,150508,205000.0,3.0,1.0,1610,8579,1.0,0,0,4,7,1010,600.0,1962,150508,98058,47.4563,-122.171,1610,8579,127.33
143,150415,420000.0,3.0,1.0,1060,8097,1.0,0,0,4,7,940,120.0,1923,150415,98133,47.7144,-122.351,1560,7940,396.23
144,150227,500000.0,4.0,2.25,2030,8517,1.0,0,0,4,8,1380,650.0,1961,150227,98006,47.5495,-122.17399999999999,2230,8824,246.31
145,141203,921500.0,4.0,2.5,3670,315374,2.0,0,0,4,9,3670,0.0,1994,141203,98077,47.7421,-122.02600000000001,2840,87991,251.09
146,140625,890000.0,4.0,1.0,2550,4000,2.0,0,0,3,8,2370,180.0,1905,140625,98109,47.6354,-122.353,2200,4000,349.02
147,140806,430000.0,2.0,2.5,2420,60984,2.0,0,0,3,7,2420,0.0,2007,140806,98027,47.5262,-121.943,1940,193842,177.69
148,141030,258000.0,5.0,2.0,2260,12500,1.0,0,0,4,8,1130,1130.0,1960,141030,98032,47.3887,-122.286,1360,18000,114.16
149,141104,511000.0,3.0,1.0,1430,3455,1.0,0,0,3,7,980,450.0,1947,141104,98103,47.6873,-122.336,1450,4599,357.34
150,140820,532170.0,3.0,2.0,1360,3090,2.0,0,0,3,8,1360,0.0,1990,140820,98103,47.6838,-122.353,1500,3090,391.3
151,150409,560000.0,3.0,1.0,1110,5000,1.5,0,0,3,7,1110,0.0,1947,150409,98107,47.655,-122.359,1420,5000,504.5
152,150331,282950.0,3.0,1.0,1250,8200,1.0,0,0,4,7,1250,0.0,1954,150331,98003,47.3255,-122.304,1680,8633,226.36
153,150401,2250000.0,4.0,3.25,5180,19850,2.0,0,3,3,12,3540,1640.0,2006,150401,98006,47.562,-122.162,3160,9750,434.36
154,140516,350000.0,1.0,1.0,700,5100,1.0,0,0,3,7,700,0.0,1942,140516,98115,47.678999999999995,-122.3,1010,5100,500.0
155,140728,215000.0,3.0,1.0,1180,7669,1.0,0,0,4,7,1180,0.0,1967,140728,98058,47.4479,-122.176,1190,7669,182.2
156,141120,650000.0,5.0,3.5,3960,25245,2.0,0,0,3,9,2500,1460.0,1996,141120,98056,47.525,-122.17200000000001,2640,13675,164.14
157,140807,320000.0,4.0,2.75,2640,7500,1.0,0,0,3,8,1620,1020.0,1967,140807,98023,47.3135,-122.369,1980,7875,121.21
158,141113,247000.0,3.0,2.0,1270,7198,1.5,0,0,3,7,1270,0.0,1916,141113,98022,47.2086,-121.99600000000001,1160,7198,194.49
159,141003,320000.0,4.0,1.75,1760,11180,1.0,0,0,4,8,1760,0.0,1968,141003,98059,47.4715,-122.118,1730,11180,181.82
160,140507,255000.0,5.0,2.25,2060,8632,1.0,0,0,3,7,1030,1030.0,1962,140507,98146,47.4877,-122.335,1010,11680,123.79
161,150309,438000.0,3.0,1.75,1780,9660,1.0,0,0,3,7,1780,0.0,1962,150309,98034,47.7171,-122.193,1200,9660,246.07
162,150304,900000.0,3.0,2.5,3400,16603,2.0,0,0,3,10,3400,0.0,2000,150304,98075,47.6012,-122.023,3400,12601,264.71
163,140620,441000.0,3.0,2.75,1910,7280,1.0,0,0,3,7,1160,750.0,1979,140620,98034,47.7319,-122.22399999999999,1710,8152,230.89
164,140812,420000.0,3.0,2.0,2020,38332,1.0,0,0,4,7,1010,1010.0,1975,140812,98027,47.4582,-122.023,2110,36590,207.92
165,141208,370000.0,3.0,1.75,1580,7000,1.0,0,0,3,7,1180,400.0,1976,141208,98034,47.7209,-122.16799999999999,1640,7500,234.18
166,150219,269950.0,2.0,1.75,1340,7250,1.0,0,0,5,5,700,640.0,1949,150219,98198,47.408,-122.32700000000001,1830,9750,201.46
167,150324,807100.0,4.0,2.5,2680,4499,2.0,0,0,3,9,2680,0.0,1999,150324,98006,47.565,-122.125,2920,4500,301.16
168,140605,653000.0,3.0,2.5,2680,9750,1.0,0,0,4,8,1610,1070.0,1979,140605,98034,47.7028,-122.23100000000001,2480,8750,243.66
169,140611,371500.0,3.0,2.0,1370,8336,1.0,0,0,5,7,1370,0.0,1964,140611,98133,47.7458,-122.331,1770,7288,271.17
170,150316,284000.0,3.0,1.75,1560,21000,1.0,0,0,3,7,1560,0.0,1954,150316,98166,47.4776,-122.337,1070,7920,182.05
171,150102,272000.0,3.0,1.75,2160,7140,1.0,0,0,4,7,1670,490.0,1978,150102,98023,47.3026,-122.374,1930,7350,125.93
172,140502,313000.0,3.0,1.5,1340,7912,1.5,0,0,3,7,1340,0.0,1955,140502,98133,47.7658,-122.339,1480,7940,233.58
173,150116,917500.0,4.0,2.5,3880,35003,2.0,0,0,3,10,2570,1310.0,1984,150116,98033,47.6477,-122.182,3740,35230,236.47
174,140929,673000.0,4.0,2.25,2590,8190,2.0,0,0,4,8,2590,0.0,1980,140929,98006,47.5619,-122.125,2260,8335,259.85
175,150210,425000.0,3.0,2.5,1120,1100,2.0,0,0,3,8,820,300.0,2008,150210,98122,47.6106,-122.31,1590,1795,379.46
176,140709,399950.0,5.0,2.75,1970,5400,1.0,0,0,3,7,1320,650.0,1986,140709,98144,47.5868,-122.30799999999999,1280,2150,203.02
177,140530,385000.0,3.0,1.0,1220,4800,1.0,0,0,3,6,1220,0.0,1901,140530,98122,47.6101,-122.307,1200,4800,315.57
178,141117,269950.0,3.0,1.5,1950,7560,1.0,0,2,4,7,1320,630.0,1975,141117,98022,47.1976,-121.999,1950,8941,138.44
179,150107,330000.0,2.0,1.0,1350,8220,1.0,0,0,3,7,1060,290.0,1949,150107,98177,47.7224,-122.35799999999999,1540,8280,244.44
180,140725,260000.0,3.0,2.5,1670,5797,2.0,0,0,3,7,1670,0.0,1988,140725,98030,47.3505,-122.179,1670,6183,155.69
181,150414,470000.0,4.0,3.0,2380,5125,1.5,0,0,4,7,1680,700.0,1925,150414,98126,47.5384,-122.376,1410,5375,197.48
182,140613,589000.0,4.0,3.0,2440,9600,2.0,0,0,5,7,2440,0.0,1961,140613,98034,47.7044,-122.2,2290,9600,241.39
183,140723,163500.0,2.0,1.5,1050,3419,2.0,0,0,3,7,1050,0.0,1996,140723,98038,47.3848,-122.039,1050,3417,155.71
184,140905,835000.0,4.0,2.75,3130,13412,2.0,0,0,3,9,2140,990.0,1993,140905,98052,47.6993,-122.102,2260,9984,266.77
185,141121,1100000.0,5.0,3.0,4090,12850,1.0,0,2,4,10,2090,2000.0,1986,141121,98033,47.6627,-122.18799999999999,2540,10270,268.95
186,150415,269000.0,4.0,1.75,1490,10000,1.0,0,0,4,8,1100,390.0,1969,150415,98023,47.3099,-122.37899999999999,2190,8910,180.54
187,140505,560000.0,3.0,2.5,1900,8744,2.0,0,0,3,8,1900,0.0,1987,140505,98074,47.62,-122.04299999999999,2030,8744,294.74
188,150418,615000.0,4.0,1.0,1330,2400,1.5,0,0,4,6,1330,0.0,1901,150418,98103,47.65,-122.34,1330,4400,462.41
189,141205,585188.0,3.0,2.25,2230,10026,1.0,0,0,3,8,1430,800.0,1975,141205,98052,47.6647,-122.15299999999999,2230,9340,262.42
190,140818,305000.0,3.0,1.75,1650,9480,1.0,0,0,3,7,1220,430.0,1977,140818,98034,47.726000000000006,-122.191,1540,8400,184.85
191,141105,166950.0,3.0,1.0,1190,8820,1.0,0,0,3,6,1190,0.0,1959,141105,98058,47.4616,-122.184,1230,7980,140.29
192,140912,799000.0,3.0,2.5,2140,9897,1.0,0,0,4,8,2140,0.0,1959,140912,98040,47.5505,-122.219,2680,10083,373.36
193,140625,400000.0,3.0,2.5,2180,7508,1.0,0,0,4,7,1420,760.0,1962,140625,98133,47.7606,-122.336,1900,7818,183.49
194,141201,230000.0,3.0,1.0,1060,10228,1.0,0,0,3,7,1060,0.0,1948,141201,98155,47.7481,-122.3,1570,10228,216.98
195,140515,256883.0,3.0,2.5,1690,5025,2.0,0,0,3,8,1690,0.0,2003,140515,98023,47.2779,-122.34700000000001,2550,5001,152.0
196,141111,423000.0,4.0,2.0,1970,6480,1.5,0,0,5,7,1130,840.0,1920,141111,98108,47.5511,-122.31200000000001,1500,6480,214.72
197,140723,465000.0,3.0,2.5,2150,4084,2.0,0,0,3,8,2150,0.0,2007,140723,98126,47.5488,-122.37200000000001,1750,2385,216.28
198,150113,440000.0,3.0,2.5,1910,66211,2.0,0,0,3,7,1910,0.0,1997,150113,98024,47.5385,-121.911,2330,67268,230.37
199,141014,385000.0,3.0,1.75,1350,155073,1.0,0,0,4,7,1350,0.0,1969,141014,98038,47.4058,-121.994,1560,50965,285.19
200,150311,210000.0,3.0,1.0,860,11725,1.0,0,0,4,6,860,0.0,1943,150311,98056,47.5093,-122.184,1300,9514,244.19
201,141112,297000.0,3.0,2.5,1940,14952,2.0,0,0,3,8,1940,0.0,1994,141112,98042,47.3777,-122.165,2030,10450,153.09
202,140716,470000.0,3.0,1.0,1010,5000,1.0,0,0,3,7,1010,0.0,1952,140716,98107,47.675,-122.39399999999999,1680,5000,465.35
203,140804,226500.0,3.0,1.5,1300,7370,1.0,0,0,4,7,900,400.0,1976,140804,98023,47.3025,-122.37,1430,7500,174.23
204,150303,274250.0,3.0,1.0,910,8450,1.0,0,0,4,6,910,0.0,1962,150303,98059,47.4787,-122.15799999999999,1400,8040,301.37
205,140804,840000.0,4.0,1.75,2480,11010,1.0,0,0,4,9,1630,850.0,1966,140804,98040,47.5378,-122.219,2770,10744,338.71
206,140919,677900.0,3.0,2.5,2440,4587,2.0,0,0,3,8,2440,0.0,2010,140919,98052,47.7073,-122.11399999999999,2750,4587,277.83
207,150205,425000.0,3.0,1.0,1010,5864,1.0,0,0,3,7,1010,0.0,1915,150205,98116,47.5733,-122.381,1290,5000,420.79
208,141123,180250.0,2.0,0.75,900,9600,1.0,0,0,3,6,900,0.0,1941,141123,98166,47.4604,-122.339,1250,14280,200.28
209,140717,464000.0,6.0,3.0,2300,3404,2.0,0,0,3,7,1600,700.0,1920,140717,98133,47.7067,-122.34299999999999,1560,1312,201.74
210,150422,320000.0,4.0,2.25,1550,7579,2.0,0,0,3,8,1550,0.0,1993,150422,98038,47.354,-122.04700000000001,1630,6397,206.45
211,140717,625504.0,3.0,2.25,1270,1566,2.0,0,0,3,8,1060,210.0,2014,140717,98105,47.6647,-122.28399999999999,1160,1327,492.52
212,140515,592500.0,4.0,2.5,2240,12032,1.0,0,0,3,9,2240,0.0,1983,140515,98074,47.6143,-122.01700000000001,2520,12368,264.51
213,150114,465000.0,3.0,2.5,2714,17936,2.0,0,0,3,9,2714,0.0,2005,150114,98001,47.3185,-122.275,2590,18386,171.33
214,140527,477000.0,4.0,2.75,1720,6270,2.0,0,0,3,8,1720,0.0,1978,140527,98118,47.5458,-122.26799999999999,2130,8700,277.33
215,150115,280000.0,2.0,1.0,850,16400,1.0,0,0,3,6,850,0.0,1923,150115,98168,47.4889,-122.29899999999999,1100,14459,329.41
216,150221,1510000.0,5.0,3.0,3300,33474,1.0,0,3,3,9,1870,1430.0,1957,150221,98040,47.5673,-122.21,3836,20953,457.58
217,140703,445838.0,3.0,2.5,2250,5692,2.0,0,0,3,8,2250,0.0,2000,140703,98146,47.5133,-122.37899999999999,1320,5390,198.15
218,140828,1070000.0,2.0,2.25,3900,14864,1.0,0,3,3,8,1950,1950.0,1947,140828,98144,47.5884,-122.291,2580,5184,274.36
219,141023,467000.0,2.0,1.5,1320,10800,1.0,0,0,4,8,1320,0.0,1947,141023,98177,47.7145,-122.367,2120,12040,353.79
220,140822,686000.0,4.0,2.5,2760,6440,2.0,0,0,3,10,2760,0.0,1999,140822,98075,47.5836,-122.02600000000001,3070,8127,248.55
221,140605,279950.0,3.0,2.0,1750,9750,1.0,0,0,3,7,1350,400.0,1961,140605,98198,47.398,-122.29899999999999,1900,10125,159.97
222,140904,527000.0,4.0,2.25,2330,19436,2.0,0,0,3,8,2330,0.0,1987,140904,98011,47.7663,-122.215,1910,10055,226.18
223,140918,325000.0,3.0,2.25,2220,16020,1.0,0,0,4,8,1780,440.0,1966,140918,98030,47.3758,-122.21700000000001,2080,9583,146.4
224,140903,328000.0,3.0,2.25,2020,8379,2.0,0,0,3,7,2020,0.0,1994,140903,98038,47.3828,-122.023,2020,8031,162.38
225,140604,390000.0,3.0,2.25,1250,7500,1.0,0,0,5,7,1250,0.0,1942,140604,98146,47.5123,-122.37299999999999,1280,7392,312.0
226,150309,479950.0,2.0,2.0,1510,6516,1.0,0,0,3,8,1510,0.0,2005,150309,98053,47.7076,-122.01299999999999,1640,6009,317.85
227,140529,264950.0,4.0,2.25,1720,9753,1.0,0,0,4,7,1120,600.0,1978,140529,98023,47.2922,-122.37100000000001,1510,9753,154.04
228,150115,235000.0,3.0,1.0,1430,15246,1.0,0,0,4,7,980,450.0,1961,150115,98031,47.4075,-122.214,1960,13068,164.34
229,150303,516500.0,3.0,2.5,1480,4729,2.0,0,0,3,7,1480,0.0,2004,150303,98053,47.6794,-122.03399999999999,2250,4729,348.99
230,150413,655000.0,2.0,1.75,1450,15798,2.0,1,4,3,7,1230,220.0,1915,150413,98166,47.4497,-122.375,2030,13193,451.72
231,140616,500000.0,4.0,2.75,2280,15347,1.0,0,0,5,7,2280,0.0,1960,140616,98059,47.5218,-122.164,2280,15347,219.3
232,141121,315000.0,6.0,2.75,2940,7350,1.0,0,0,3,8,1780,1160.0,1978,141121,98023,47.3103,-122.339,2120,8236,107.14
233,141120,213000.0,2.0,1.0,1000,10200,1.0,0,0,3,6,1000,0.0,1961,141120,98024,47.5687,-121.899,1150,13702,213.0
234,140902,475000.0,3.0,1.5,2480,5280,1.5,0,0,5,7,1620,860.0,1947,140902,98108,47.5575,-122.303,2090,4800,191.53
235,140610,1030000.0,5.0,4.0,3760,28040,2.0,0,0,3,10,3760,0.0,1983,140610,98033,47.6489,-122.18299999999999,3430,35096,273.94
236,150409,416000.0,3.0,2.0,2220,94300,1.0,0,0,5,7,1640,580.0,1976,150409,98010,47.3459,-121.95,2070,80100,187.39
237,150320,410000.0,4.0,1.0,1970,4740,1.5,0,0,3,7,1670,300.0,1904,150320,98122,47.6136,-122.303,1510,4740,208.12
238,140701,800000.0,3.0,3.5,3830,221284,2.0,0,0,3,10,3530,300.0,1993,140701,98077,47.7641,-122.023,2920,148539,208.88
239,140529,472000.0,6.0,2.5,4410,14034,1.0,0,2,4,9,2350,2060.0,1965,140529,98003,47.3376,-122.324,2600,13988,107.03
240,141208,225000.0,3.0,1.75,1430,8505,1.0,0,0,4,7,1430,0.0,1968,141208,98003,47.3173,-122.319,1190,8640,157.34
241,141001,210000.0,2.0,1.0,830,6000,1.0,0,0,3,6,830,0.0,1940,141001,98126,47.5308,-122.376,830,4960,253.01
242,150127,455000.0,2.0,1.0,1430,5000,1.5,0,0,2,7,1430,0.0,1925,150127,98115,47.6727,-122.29899999999999,1450,3750,318.18
243,150427,225000.0,3.0,1.0,1300,8316,1.0,0,0,4,6,1300,0.0,1954,150427,98002,47.3221,-122.21600000000001,1260,8316,173.08
244,140826,480000.0,2.0,1.0,1030,3060,1.0,0,2,4,7,790,240.0,1918,140826,98103,47.6779,-122.353,1390,3060,466.02
245,150212,363000.0,3.0,2.5,2740,11872,2.0,0,0,3,9,2740,0.0,1990,150212,98023,47.3076,-122.395,2570,10377,132.48
246,140929,2400000.0,4.0,2.5,3650,8354,1.0,1,4,3,9,1830,1820.0,2000,140929,98074,47.6338,-122.072,3120,18841,657.53
247,150226,181000.0,2.0,1.5,720,5120,1.0,0,0,3,6,720,0.0,1954,150226,98106,47.5218,-122.35700000000001,1150,2566,251.39
248,150314,250000.0,4.0,2.0,2010,7312,1.0,0,0,4,7,2010,0.0,1976,150314,98002,47.2785,-122.213,2010,7650,124.38
249,150422,481000.0,3.0,1.75,1560,3000,1.0,0,0,4,6,770,790.0,1918,150422,98103,47.6846,-122.345,1390,3000,308.33
250,140923,260000.0,3.0,2.0,1810,7209,1.0,0,0,4,7,1240,570.0,1978,140923,98032,47.3656,-122.27799999999999,1750,7209,143.65
251,140513,455000.0,4.0,2.5,3360,7685,2.0,0,0,3,9,3360,0.0,2001,140513,98058,47.4369,-122.111,3060,6567,135.42
252,150401,415000.0,3.0,2.25,1510,36224,2.0,0,0,3,8,1510,0.0,1991,150401,98045,47.4616,-121.711,1730,36224,274.83
253,150421,349500.0,3.0,1.0,1400,3538,1.0,0,0,3,7,800,600.0,1953,150421,98118,47.5405,-122.27,1620,6331,249.64
254,140929,245000.0,3.0,2.5,1730,7442,2.0,0,0,3,7,1730,0.0,1987,140929,98030,47.3507,-122.178,1630,6458,141.62
255,140519,592500.0,2.0,2.0,1420,9191,1.5,0,2,5,7,1420,0.0,1928,140519,98115,47.6979,-122.32,1420,6816,417.25
256,141020,385000.0,4.0,1.75,2360,7620,1.0,0,0,4,7,1180,1180.0,1955,141020,98106,47.5278,-122.345,1910,7620,163.14
257,150211,315000.0,3.0,1.75,1580,11455,1.0,0,0,4,7,1200,380.0,1974,150211,98059,47.4756,-122.147,1550,10650,199.37
258,141124,255000.0,3.0,1.0,1230,10170,1.0,0,0,3,7,1230,0.0,1979,141124,98045,47.4437,-121.772,1380,10098,207.32
259,140829,693000.0,4.0,2.5,2460,4425,2.0,0,0,3,8,2460,0.0,2006,140829,98052,47.7048,-122.109,2990,5659,281.71
260,141202,780000.0,3.0,1.0,1660,4400,1.5,0,0,3,8,1460,200.0,1911,141202,98112,47.6362,-122.302,1660,4400,469.88
261,141024,237000.0,3.0,1.75,1270,8470,1.0,0,0,4,7,1270,0.0,1960,141024,98198,47.4207,-122.29,1600,8470,186.61
262,141216,525000.0,3.0,2.25,2100,40510,2.0,0,0,3,10,1320,780.0,1979,141216,98074,47.6154,-122.04700000000001,2380,33450,250.0
263,150428,425000.0,2.0,1.0,770,5040,1.0,0,0,3,5,770,0.0,1930,150428,98144,47.5964,-122.29899999999999,1330,2580,551.95
264,141027,369900.0,1.0,0.75,760,10079,1.0,1,4,5,5,760,0.0,1936,141027,98070,47.4683,-122.43799999999999,1230,14267,486.71
265,140519,290000.0,4.0,2.5,1700,7280,2.0,0,0,4,7,1700,0.0,1988,140519,98031,47.4045,-122.171,1950,7475,170.59
266,140929,285000.0,3.0,1.0,1120,10701,1.0,0,0,3,7,1120,0.0,1954,140929,98106,47.5544,-122.35799999999999,1130,6350,254.46
267,140814,415000.0,2.0,1.0,1070,4500,1.0,0,0,3,7,1070,0.0,1937,140814,98115,47.6802,-122.29,1320,4465,387.85
268,150409,272500.0,3.0,2.5,2070,9900,1.0,0,0,3,8,1420,650.0,1979,150409,98023,47.2988,-122.37100000000001,2070,8250,131.64
269,150504,2900000.0,4.0,3.25,5050,20100,1.5,0,2,3,11,4750,300.0,1982,150504,98004,47.6312,-122.223,3890,20060,574.26
270,141007,1370000.0,4.0,4.75,5310,57346,2.0,0,0,4,11,5310,0.0,1989,141007,98077,47.7285,-122.042,4180,47443,258.0
271,150501,436000.0,2.0,1.0,1040,7538,1.0,0,0,4,7,1040,0.0,1939,150501,98133,47.7107,-122.352,1440,7530,419.23
272,141017,210000.0,3.0,1.0,1700,11390,1.0,0,0,4,7,1700,0.0,1967,141017,98003,47.3271,-122.323,1350,8164,123.53
273,140925,236000.0,3.0,1.0,1300,5898,1.0,0,0,3,7,1300,0.0,1961,140925,98178,47.5053,-122.255,1320,7619,181.54
274,141124,331000.0,3.0,1.75,1080,1306,1.0,0,0,3,7,580,500.0,1954,141124,98199,47.6601,-122.4,1440,2225,306.48
275,150320,365000.0,3.0,2.5,2653,4510,2.0,0,0,3,8,2653,0.0,2006,150320,98031,47.4145,-122.166,2653,4927,137.58
276,150127,450000.0,3.0,2.0,2290,16258,1.0,0,0,5,8,2290,0.0,1960,150127,98058,47.4672,-122.165,1660,10530,196.51
277,141113,770000.0,4.0,2.75,3820,26300,2.0,0,0,3,9,2850,970.0,2014,141113,98028,47.7618,-122.26100000000001,1860,12136,201.57
278,150505,455000.0,4.0,2.5,2210,49375,1.0,0,0,3,8,2210,0.0,1997,150505,98038,47.3828,-122.071,2670,49385,205.88
279,150505,405000.0,3.0,1.75,2390,6000,1.0,0,0,3,6,1240,1150.0,1908,150505,98118,47.5362,-122.26799999999999,2020,6000,169.46
280,140703,304900.0,4.0,1.75,2600,11325,1.0,0,0,4,7,1610,990.0,1969,140703,98031,47.3954,-122.206,1720,11088,117.27
281,150227,170000.0,2.0,1.0,860,5265,1.0,0,0,3,6,860,0.0,1931,150227,98178,47.5048,-122.272,1650,8775,197.67
282,150513,2050000.0,5.0,3.0,3830,8480,2.0,0,1,5,9,2630,1200.0,1905,150513,98122,47.6166,-122.287,3050,7556,535.25
283,140630,780000.0,4.0,2.5,3500,7048,2.0,0,0,3,9,3500,0.0,2005,140630,98053,47.6811,-122.025,3920,7864,222.86
284,150410,330000.0,3.0,3.0,2420,13959,1.0,0,0,4,8,1740,680.0,1988,150410,98028,47.7486,-122.23,2570,13300,136.36
285,140905,370000.0,4.0,2.5,2720,8666,2.0,0,0,3,9,2720,0.0,1992,140905,98030,47.3846,-122.169,2410,8100,136.03
286,141017,467000.0,5.0,2.25,2500,13500,1.0,0,0,3,7,1850,650.0,1979,141017,98072,47.7564,-122.14399999999999,2300,9750,186.8
287,150209,405000.0,3.0,1.75,1670,6720,1.0,0,0,3,7,1140,530.0,1980,150209,98034,47.7198,-122.193,1670,7320,242.51
288,140702,675000.0,5.0,2.25,2900,10300,1.0,0,0,3,8,1450,1450.0,1985,140702,98006,47.5461,-122.15100000000001,2310,10300,232.76
289,140812,500000.0,2.0,1.0,1640,14100,1.0,0,0,4,7,1140,500.0,1954,140812,98006,47.5712,-122.14299999999999,1520,13527,304.88
290,140723,389999.0,4.0,2.5,1890,15770,2.0,0,0,4,7,1890,0.0,1968,140723,98166,47.4281,-122.34299999999999,2410,15256,206.35
291,150224,630000.0,4.0,1.75,2950,9025,1.0,0,2,4,8,1780,1170.0,1975,150224,98034,47.7128,-122.223,2120,9600,213.56
292,141022,360000.0,4.0,2.5,2160,9528,2.0,0,0,3,9,2160,0.0,1992,141022,98001,47.3341,-122.255,2280,9937,166.67
293,141002,580000.0,4.0,3.0,3280,11060,2.0,0,0,3,8,2270,1010.0,1986,141002,98056,47.5399,-122.181,2320,11004,176.83
294,140709,550000.0,3.0,2.0,1970,4166,2.0,0,3,5,8,1270,700.0,1929,140709,98126,47.5717,-122.375,2390,4166,279.19
295,140710,879000.0,4.0,2.5,3360,22111,2.0,0,0,3,10,3360,0.0,1994,140710,98075,47.5951,-122.01700000000001,3150,11374,261.61
296,140822,265000.0,3.0,2.0,1320,8959,1.0,0,0,3,7,1320,0.0,1993,140822,98042,47.3536,-122.14399999999999,1740,7316,200.76
297,150304,446500.0,3.0,2.5,2650,7286,2.0,0,0,3,8,2650,0.0,1990,150304,98059,47.5084,-122.154,2400,7220,168.49
298,140602,404000.0,3.0,1.5,2030,8880,1.0,0,0,3,7,1330,700.0,1963,140602,98108,47.5586,-122.311,2140,5592,199.01
299,140529,267500.0,3.0,1.75,1590,11914,1.0,0,2,3,7,1090,500.0,1957,140529,98188,47.4427,-122.274,1630,9052,168.24
300,140624,3080000.0,4.0,5.0,4550,18641,1.0,1,4,3,10,2600,1950.0,2002,140624,98074,47.6053,-122.07700000000001,4550,19508,676.92
301,140811,335000.0,3.0,2.5,2440,7632,2.0,0,0,3,8,2440,0.0,1998,140811,98003,47.3494,-122.301,2510,7903,137.3
302,140619,576000.0,3.0,2.5,1940,9000,1.0,0,0,4,7,970,970.0,1948,140619,98117,47.6933,-122.39299999999999,2190,7310,296.91
303,150401,208633.0,3.0,2.5,2040,3810,2.0,0,0,3,8,2040,0.0,2006,150401,98038,47.3537,-122.0,2370,4590,102.27
304,150115,315000.0,3.0,2.25,2200,8750,1.0,0,0,4,7,1120,1080.0,1964,150115,98166,47.476000000000006,-122.337,1460,10139,143.18
305,150217,725000.0,3.0,1.75,1920,3300,1.0,0,0,4,8,960,960.0,1913,150217,98112,47.6239,-122.29799999999999,1740,4000,377.6
306,150403,550000.0,4.0,2.75,1800,7750,1.0,0,0,4,8,1400,400.0,1965,150403,98177,47.7776,-122.384,1800,8275,305.56
307,140612,610750.0,4.0,2.25,2180,7297,2.0,0,0,3,8,2180,0.0,1984,140612,98074,47.6459,-122.05799999999999,2250,9781,280.16
308,150228,550700.0,2.0,1.0,1010,5000,1.5,0,0,4,6,1010,0.0,1908,150228,98105,47.6692,-122.29700000000001,1460,5000,545.25
309,150108,665000.0,4.0,2.75,3320,10574,2.0,0,0,5,8,2220,0.0,1960,150108,98056,47.5376,-122.18,2720,8330,200.3
310,150209,834000.0,4.0,2.5,2370,4000,1.5,0,2,5,8,1980,390.0,1928,150209,98144,47.601000000000006,-122.294,2440,5750,351.9
311,141023,201000.0,5.0,1.75,1660,78408,1.5,0,0,3,6,1660,0.0,1915,141023,98065,47.528999999999996,-121.837,1660,78408,121.08
312,140502,2380000.0,5.0,2.5,3650,9050,2.0,0,4,5,10,3370,280.0,1921,140502,98119,47.6345,-122.367,2880,5400,652.05
313,140618,1380000.0,4.0,3.25,4290,12103,1.0,0,3,3,11,2690,1600.0,1997,140618,98006,47.5503,-122.102,3860,11244,321.68
314,141209,1400000.0,4.0,3.25,4290,12103,1.0,0,3,3,11,2690,1600.0,1997,141209,98006,47.5503,-122.102,3860,11244,326.34
315,141105,305000.0,4.0,2.25,1950,7700,1.0,0,0,3,8,1350,600.0,1979,141105,98058,47.4441,-122.125,2150,7350,156.41
316,150408,487000.0,3.0,2.0,2590,14052,1.0,0,0,5,8,1720,870.0,1948,150408,98133,47.7357,-122.333,1570,8162,188.03
317,150511,390000.0,3.0,2.5,1930,64904,1.0,0,0,4,8,1930,0.0,1988,150511,98042,47.346000000000004,-122.15700000000001,2350,57500,202.07
318,140723,548000.0,2.0,1.0,1470,3864,1.0,0,0,4,7,1170,300.0,1916,140723,98103,47.6638,-122.345,1570,3864,372.79
319,141122,268750.0,4.0,1.0,800,8775,1.0,0,0,3,6,800,0.0,1943,141122,98166,47.48,-122.336,1310,8775,335.94
320,140513,819900.0,5.0,2.75,3150,7119,2.0,0,0,3,9,3150,0.0,2013,140513,98052,47.6759,-122.15100000000001,1560,8384,260.29
321,141023,520000.0,3.0,2.25,2030,16200,2.0,0,0,3,8,2030,0.0,1984,141023,98027,47.5162,-122.057,2660,17958,256.16
322,140721,230000.0,3.0,2.0,1450,11204,1.0,0,0,3,7,1450,0.0,2003,140721,98001,47.2639,-122.25200000000001,1520,9518,158.62
323,150202,240000.0,3.0,1.75,1510,10248,1.0,0,0,3,7,1510,0.0,1969,150202,98023,47.2929,-122.37100000000001,1510,9753,158.94
324,140905,232000.0,2.0,1.0,1240,12092,1.0,0,0,3,6,960,280.0,1922,140905,98146,47.4957,-122.352,1820,7460,187.1
325,150311,240500.0,2.0,1.0,1240,12092,1.0,0,0,3,6,960,280.0,1922,150311,98146,47.4957,-122.352,1820,7460,193.95
326,141027,274975.0,3.0,2.5,3030,45004,2.0,0,0,3,9,3030,0.0,1987,141027,98077,47.7721,-122.09299999999999,3080,35781,90.75
327,140905,740000.0,4.0,2.0,2050,4400,1.5,0,0,4,9,2050,0.0,1922,140905,98102,47.644,-122.319,2320,5500,360.98
328,150428,186375.0,3.0,1.0,1000,7636,1.0,0,0,2,7,1000,0.0,1952,150428,98166,47.472,-122.344,1150,7600,186.38
329,140725,790000.0,3.0,2.25,2370,10289,1.0,0,0,4,9,1590,780.0,1977,140725,98005,47.592,-122.166,2500,10004,333.33
330,140916,880000.0,4.0,3.5,2800,6750,2.0,0,0,3,9,1890,910.0,1951,140916,98105,47.669,-122.275,2370,6120,314.29
331,150416,279000.0,6.0,1.75,2240,11180,2.0,0,0,4,7,2240,0.0,1955,150416,98198,47.42,-122.323,1590,7955,124.55
332,140729,295000.0,3.0,2.0,1810,10530,1.0,0,2,3,8,1810,0.0,1991,140729,98022,47.1913,-122.012,1910,10450,162.98
333,150408,640000.0,2.0,1.0,1070,5000,1.0,0,0,3,7,1070,0.0,1924,150408,98103,47.6666,-122.331,1710,5000,598.13
334,140703,940000.0,4.0,2.0,2490,9525,2.0,0,0,5,9,2490,0.0,1968,140703,98040,47.5639,-122.21700000000001,2770,9525,377.51
335,141007,260000.0,4.0,2.5,1960,5238,2.0,0,0,3,7,1960,0.0,2003,141007,98038,47.3483,-122.052,1800,5894,132.65
336,140602,559900.0,3.0,2.75,2930,5569,1.0,0,0,3,9,1860,1070.0,2004,140602,98072,47.7648,-122.164,2580,11045,191.09
337,140722,791500.0,4.0,2.0,1510,3500,1.5,0,0,5,7,1510,0.0,1911,140722,98103,47.6794,-122.35700000000001,1820,3750,524.17
338,140826,265000.0,3.0,1.75,1420,8250,1.0,0,0,3,7,1420,0.0,1954,140826,98133,47.7535,-122.354,1740,8000,186.62
339,150501,245000.0,3.0,1.75,1740,11547,1.0,0,0,3,7,1740,0.0,1954,150501,98178,47.4945,-122.22,880,78408,140.8
340,150424,485000.0,4.0,1.75,2560,43995,2.0,0,0,4,7,2560,0.0,1962,150424,98052,47.6945,-122.09299999999999,2560,14764,189.45
341,141106,684000.0,4.0,3.5,3040,8414,2.0,0,0,3,9,2420,620.0,2010,141106,98059,47.5222,-122.15700000000001,3470,8066,225.0
342,140909,425000.0,3.0,1.75,2500,6840,1.0,0,0,3,8,1300,1200.0,1957,140909,98125,47.7222,-122.32,1580,8691,170.0
343,141017,309600.0,4.0,1.75,1275,20000,1.0,0,0,4,6,1275,0.0,1991,141017,98070,47.3796,-122.49,1660,20000,242.82
344,140718,552250.0,4.0,2.5,2580,5823,2.0,0,0,3,8,2580,0.0,2002,140718,98065,47.5374,-121.875,2380,5823,214.05
345,140723,165000.0,4.0,1.0,1000,7134,1.0,0,0,3,6,1000,0.0,1943,140723,98178,47.4897,-122.24,1020,7138,165.0
346,141229,239900.0,4.0,1.0,1000,7134,1.0,0,0,3,6,1000,0.0,1943,141229,98178,47.4897,-122.24,1020,7138,239.9
347,141205,320000.0,2.0,1.0,1070,32633,1.0,0,0,4,6,1070,0.0,1930,141205,98059,47.4716,-122.07799999999999,1360,32156,299.07
348,141021,206600.0,3.0,2.0,1390,13464,1.0,0,0,4,7,1390,0.0,1987,141021,98030,47.3581,-122.17299999999999,1720,12080,148.63
349,150416,387000.0,4.0,1.75,2500,7690,1.0,0,0,3,7,1250,1250.0,1973,150416,98155,47.7713,-122.307,2040,8646,154.8
350,140604,299000.0,1.0,0.75,560,12120,1.0,0,0,3,4,560,0.0,1967,140604,98014,47.675,-121.854,1300,19207,533.93
351,140922,855000.0,4.0,2.75,2270,10460,2.0,0,0,3,9,2270,0.0,1965,140922,98040,47.5603,-122.22200000000001,2610,10180,376.65
352,150126,315000.0,3.0,1.0,1900,14400,1.0,0,0,4,7,1300,600.0,1954,150126,98166,47.4147,-122.337,1940,14400,165.79
353,141203,437500.0,2.0,1.0,990,3120,1.0,0,2,5,7,790,200.0,1907,141203,98103,47.68,-122.353,1930,3120,441.92
354,150324,252000.0,4.0,1.5,1550,19800,1.0,0,0,4,7,1050,500.0,1969,150324,98001,47.3117,-122.27,1640,22654,162.58
355,140604,375000.0,4.0,1.75,2200,7475,1.0,0,0,5,7,1100,1100.0,1955,140604,98118,47.543,-122.28,1600,5766,170.45
356,140806,300000.0,4.0,2.5,1910,4862,2.0,0,0,3,7,1910,0.0,2005,140806,98038,47.3607,-122.03399999999999,2010,5091,157.07
357,141006,420000.0,4.0,1.0,1750,9600,1.5,0,0,4,7,1750,0.0,1954,141006,98006,47.5759,-122.137,1750,10530,240.0
358,140505,900000.0,3.0,1.0,1330,77972,1.0,0,0,3,7,1330,0.0,1928,140505,98033,47.6891,-122.15899999999999,1340,17689,676.69
359,140805,679900.0,3.0,2.5,2440,5750,2.0,0,2,3,9,1980,460.0,2000,140805,98116,47.565,-122.381,1520,5750,278.65
360,140605,463000.0,3.0,2.5,1640,29970,2.0,0,0,3,7,1640,0.0,1992,140605,98053,47.6359,-121.97399999999999,1580,28399,282.32
361,140828,380000.0,5.0,2.5,2760,11340,2.0,0,0,4,9,2760,0.0,1978,140828,98059,47.4769,-122.141,2470,11340,137.68
362,141210,329500.0,4.0,2.5,1820,7912,2.0,0,0,3,7,1820,0.0,1994,141210,98038,47.3845,-122.029,1820,8168,181.04
363,140819,604950.0,3.0,2.5,2110,5608,1.0,0,0,3,8,1340,770.0,2013,140819,98033,47.6743,-122.184,2040,9363,286.71
364,140917,795000.0,5.0,2.5,3040,9570,1.0,0,2,4,8,1640,1400.0,1966,140917,98006,47.5651,-122.164,2920,8800,261.51
365,150130,465000.0,3.0,2.0,1840,40438,2.0,0,0,3,7,1840,0.0,1994,150130,98045,47.4853,-121.709,1380,44049,252.72
366,150326,673000.0,4.0,2.5,2990,10400,2.0,0,0,3,9,2990,0.0,2002,150326,98166,47.4508,-122.359,2140,17449,225.08
367,141001,810000.0,4.0,2.5,3520,15420,2.0,0,0,3,10,3520,0.0,1991,141001,98074,47.6375,-122.016,3400,21455,230.11
368,150423,785000.0,4.0,2.75,2440,69415,1.0,0,0,4,8,1910,530.0,1989,150423,98075,47.5944,-122.042,2770,24361,321.72
369,141120,338000.0,4.0,3.0,2090,7500,1.0,0,0,3,7,1370,720.0,1986,141120,98056,47.4888,-122.182,1810,7650,161.72
370,141204,280000.0,3.0,2.25,1430,7222,2.0,0,0,3,7,1430,0.0,1993,141204,98056,47.5112,-122.19,1430,7220,195.8
371,141001,315000.0,4.0,2.25,2180,10754,1.0,0,0,5,7,1100,1080.0,1954,141001,98133,47.7711,-122.34100000000001,1810,6929,144.5
372,150324,530000.0,4.0,2.25,2180,10754,1.0,0,0,5,7,1100,1080.0,1954,150324,98133,47.7711,-122.34100000000001,1810,6929,243.12
373,141223,380000.0,5.0,3.0,3450,9914,2.0,0,0,3,9,3450,0.0,2004,141223,98023,47.2813,-122.345,2860,9721,110.14
374,140811,297000.0,3.0,2.25,1450,7562,2.0,0,0,3,7,1450,0.0,1994,140811,98056,47.5038,-122.189,1650,7625,204.83
375,140520,730000.0,4.0,2.5,3230,7331,2.0,0,0,3,10,3230,0.0,2004,140520,98075,47.5823,-121.97,3480,7447,226.01
376,140609,450000.0,3.0,1.75,1640,13500,1.0,0,0,3,7,1110,530.0,1940,140609,98125,47.7164,-122.304,1770,12600,274.39
377,141027,275000.0,3.0,3.0,1590,7750,1.0,0,0,3,7,1060,530.0,1997,141027,98038,47.3624,-122.045,1680,7500,172.96
378,150429,595000.0,4.0,2.0,2020,2849,2.0,0,0,3,7,2020,0.0,1960,150429,98115,47.6831,-122.329,1910,3120,294.55
379,150421,435000.0,3.0,1.5,1300,3348,1.5,0,0,3,7,1300,0.0,1904,150421,98144,47.592,-122.307,1590,2577,334.62
380,140916,270000.0,2.0,1.5,1380,209959,1.0,0,0,1,6,1380,0.0,1954,140916,98011,47.7461,-122.195,3130,19868,195.65
381,140805,950000.0,3.0,3.0,4040,14338,2.0,0,0,3,10,3030,1010.0,1986,140805,98077,47.7268,-122.06,3360,14142,235.15
382,150313,389000.0,4.0,2.25,2130,5337,2.0,0,0,3,7,2130,0.0,2001,150313,98019,47.7237,-121.959,2300,6930,182.63
383,150121,560000.0,4.0,2.25,2550,7800,1.0,0,0,3,8,1580,970.0,1968,150121,98052,47.6283,-122.095,2420,8050,219.61
384,140728,1350000.0,5.0,3.5,4800,14984,2.0,0,2,3,11,3480,0.0,1998,140728,98006,47.5543,-122.148,4050,19009,281.25
385,141111,799000.0,4.0,2.25,2510,11585,2.0,0,0,4,8,2510,0.0,1969,141111,98040,47.5483,-122.226,2450,9691,318.33
386,140625,365500.0,3.0,2.0,1410,9600,1.0,0,0,4,7,1410,0.0,1983,140625,98072,47.7591,-122.146,1410,9600,259.22
387,140515,252350.0,3.0,2.0,1650,7352,1.0,0,0,3,7,1160,490.0,1979,140515,98058,47.4612,-122.169,1710,7350,152.94
388,140905,403950.0,4.0,2.5,2120,13780,2.0,0,0,3,8,2120,0.0,1993,140905,98146,47.4987,-122.365,1880,12000,190.54
389,140801,385000.0,4.0,1.5,2040,10726,1.0,0,0,3,7,1380,660.0,1954,140801,98177,47.772,-122.35799999999999,1610,10020,188.73
390,141210,345000.0,4.0,1.0,1550,7620,1.5,0,0,3,7,1550,0.0,1957,141210,98106,47.5287,-122.35,1450,7620,222.58
391,140917,490000.0,3.0,2.75,1980,3128,2.0,0,0,4,9,1980,0.0,1979,140917,98008,47.6109,-122.11399999999999,1950,2856,247.47
392,140618,330000.0,3.0,2.5,1600,26977,2.0,0,0,3,8,1600,0.0,2005,140618,98019,47.7736,-121.90100000000001,1790,27743,206.25
393,140512,927000.0,4.0,2.75,3300,12090,2.0,0,0,3,8,3300,0.0,1953,140512,98004,47.6294,-122.21799999999999,3180,12239,280.91
394,140728,1120000.0,4.0,2.5,3840,16619,2.0,0,1,4,10,3840,0.0,1983,140728,98040,47.5634,-122.213,3600,16553,291.67
395,150430,330000.0,2.0,1.0,1220,10000,1.0,0,0,5,7,1220,0.0,1950,150430,98028,47.7405,-122.241,2000,9600,270.49
396,150309,530000.0,5.0,2.25,2720,8800,1.0,0,0,4,7,1500,1220.0,1958,150309,98008,47.5976,-122.118,2110,8800,194.85
397,140623,365000.0,4.0,2.0,1940,25600,1.0,0,0,1,8,1940,0.0,1962,140623,98006,47.5722,-122.12899999999999,2000,10071,188.14
398,140619,378750.0,3.0,2.5,2160,3000,1.5,0,0,3,7,1260,900.0,1909,140619,98118,47.5644,-122.289,1060,3500,175.35
399,140619,269900.0,4.0,1.75,1530,8750,1.5,0,0,4,7,1530,0.0,1968,140619,98058,47.4556,-122.15700000000001,1390,8750,176.41
400,150306,557000.0,3.0,3.5,1710,2096,2.0,0,0,3,8,1290,420.0,2008,150306,98122,47.6055,-122.305,1630,1543,325.73
401,140825,360000.0,4.0,1.75,3730,16980,1.0,0,0,4,7,2150,1580.0,1974,140825,98022,47.1775,-122.022,1880,16963,96.51
402,150422,352000.0,2.0,1.0,940,5000,1.0,0,0,4,7,940,0.0,1937,150422,98117,47.6879,-122.385,1560,4500,374.47
403,150224,437000.0,3.0,2.5,1750,22357,2.0,0,0,3,8,1750,0.0,1994,150224,98045,47.4807,-121.779,2430,22357,249.71
404,140618,322500.0,4.0,2.5,1820,6753,2.0,0,0,3,7,1820,0.0,1994,140618,98038,47.3845,-122.03200000000001,1820,7107,177.2
405,140912,650000.0,3.0,3.25,1510,2000,2.0,0,0,3,9,1330,180.0,2001,140912,98116,47.5815,-122.402,1510,1352,430.46
406,140806,450000.0,3.0,2.0,1290,1213,3.0,0,0,3,8,1290,0.0,2001,140806,98103,47.6609,-122.344,1290,3235,348.84
407,150417,278500.0,3.0,2.0,1570,5250,1.0,0,0,3,7,1570,0.0,1998,150417,98092,47.3163,-122.18799999999999,1570,5250,177.39
408,150427,364950.0,4.0,2.5,1930,6957,2.0,0,0,3,8,1930,0.0,1995,150427,98055,47.4309,-122.191,2090,6996,189.09
409,140911,840000.0,4.0,3.5,2840,40139,1.0,0,4,4,10,2840,0.0,1986,140911,98038,47.401,-122.02600000000001,3180,36852,295.77
410,150318,268000.0,3.0,2.5,1550,8134,2.0,0,0,3,7,1550,0.0,1991,150318,98031,47.403999999999996,-122.191,1550,8134,172.9
411,140716,517534.0,2.0,1.0,833,143947,1.0,0,0,3,5,833,0.0,2006,140716,98070,47.3889,-122.48200000000001,1380,143947,621.29
412,141104,632925.0,3.0,2.5,2990,32239,2.0,0,0,4,8,2990,0.0,1978,141104,98077,47.7718,-122.095,2990,36497,211.68
413,140723,577500.0,3.0,2.5,2000,7251,2.0,0,0,3,9,2000,0.0,1995,140723,98034,47.7067,-122.2,2450,8118,288.75
414,150212,339000.0,4.0,1.5,2390,7480,1.5,0,2,3,7,2390,0.0,1920,150212,98178,47.504,-122.227,2850,6867,141.84
415,140909,570000.0,3.0,1.75,2910,37461,1.0,0,0,4,7,1530,1380.0,1967,140909,98052,47.7015,-122.164,2520,18295,195.88
416,140626,563500.0,4.0,1.75,2085,174240,1.0,0,0,3,7,1610,475.0,1964,140626,98024,47.5753,-121.95,2690,174240,270.26
417,150105,423000.0,4.0,2.25,2200,9351,1.0,0,0,5,7,1290,910.0,1962,150105,98133,47.7448,-122.333,1910,8660,192.27
418,141223,355000.0,3.0,2.25,1860,5028,2.0,0,0,3,8,1860,0.0,2012,141223,98019,47.7318,-121.98200000000001,2320,5465,190.86
419,140710,1550000.0,5.0,4.25,6070,171626,2.0,0,0,3,12,6070,0.0,1999,140710,98024,47.5954,-121.95,4680,211267,255.35
420,141203,482000.0,2.0,1.0,950,3960,1.0,0,0,3,7,950,0.0,1941,141203,98103,47.6885,-122.337,1320,4050,507.37
421,140730,625000.0,3.0,1.75,1600,9135,1.0,0,0,5,7,1600,0.0,1955,140730,98006,47.5724,-122.179,1580,9800,390.62
422,141219,538000.0,3.0,2.5,2250,11632,2.0,0,0,3,8,2250,0.0,1988,141219,98056,47.5272,-122.169,2360,11632,239.11
423,150107,380000.0,3.0,2.5,2280,10255,2.0,0,0,4,8,2280,0.0,1985,150107,98058,47.4334,-122.161,2310,10094,166.67
424,140717,375000.0,2.0,1.0,940,5120,1.0,0,0,3,7,940,0.0,1909,140717,98122,47.6073,-122.30799999999999,1300,5120,398.94
425,150403,245000.0,3.0,2.5,1530,8500,1.0,0,0,5,7,1030,500.0,1996,150403,98038,47.3592,-122.046,1850,8140,160.13
426,141114,310000.0,5.0,1.75,2190,27260,1.0,0,0,4,7,2190,0.0,1947,141114,98166,47.4546,-122.337,1620,39480,141.55
427,150225,1300000.0,3.0,2.0,2350,15021,1.0,0,0,4,8,1770,580.0,1976,150225,98004,47.6408,-122.219,3530,15715,553.19
428,140506,397000.0,4.0,2.0,1440,7680,1.0,0,0,3,7,1200,240.0,1971,140506,98034,47.7245,-122.2,1460,9660,275.69
429,150512,365000.0,3.0,2.5,2200,4052,2.0,0,0,3,8,2200,0.0,2005,150512,98058,47.4362,-122.178,2310,5082,165.91
430,141028,328500.0,4.0,3.0,2290,8250,2.0,0,0,3,9,2290,0.0,1990,141028,98042,47.3739,-122.156,2290,8250,143.45
431,140908,988000.0,4.0,3.0,4040,19700,2.0,0,0,3,11,4040,0.0,1987,140908,98052,47.7205,-122.12700000000001,3930,21887,244.55
432,140722,1000000.0,4.0,2.5,2610,3277,1.5,0,0,5,8,1920,690.0,1922,140722,98103,47.6636,-122.33,1810,3277,383.14
433,140903,237000.0,3.0,2.5,1490,2138,2.0,0,0,3,7,1490,0.0,2005,140903,98055,47.4324,-122.197,1490,2094,159.06
434,140919,525000.0,4.0,2.5,2450,5280,2.0,0,0,3,8,2450,0.0,2003,140919,98011,47.7734,-122.22399999999999,2300,4674,214.29
435,140916,749000.0,4.0,2.5,1710,9627,1.0,0,0,3,9,1440,270.0,1976,140916,98006,47.559,-122.164,2140,9131,438.01
436,140821,722500.0,5.0,2.5,4870,11800,2.0,0,0,3,10,3470,1400.0,1983,140821,98074,47.633,-122.041,3180,11398,148.36
437,150312,843000.0,3.0,2.5,3130,8750,2.0,0,0,3,10,3130,0.0,1991,150312,98052,47.6954,-122.103,2860,9003,269.33
438,140708,438000.0,2.0,2.0,1270,1372,3.0,0,0,3,8,1270,0.0,2000,140708,98115,47.6776,-122.318,1610,3090,344.88
439,140916,578000.0,3.0,1.75,2120,10875,1.0,0,2,3,8,1540,580.0,1977,140916,98146,47.504,-122.382,2460,11760,272.64
440,140923,227950.0,3.0,1.5,1670,8230,1.0,0,0,5,7,1670,0.0,1954,140923,98001,47.2613,-122.255,2077,4910,136.5
441,140722,196000.0,3.0,2.25,2070,11576,2.0,0,0,3,7,2070,0.0,1974,140722,98001,47.3417,-122.271,1890,7519,94.69
442,140715,641000.0,2.0,1.0,1420,5332,1.0,0,0,3,8,1070,350.0,1953,140715,98105,47.6694,-122.275,2400,5406,451.41
443,150422,350000.0,3.0,1.5,1250,219978,1.0,0,0,4,6,1250,0.0,1980,150422,98038,47.4056,-121.955,1930,210394,280.0
444,140819,205000.0,3.0,1.0,940,7980,1.0,0,0,4,7,940,0.0,1960,140819,98032,47.3838,-122.289,1150,8050,218.09
445,141202,400000.0,3.0,1.75,1920,9102,1.0,0,0,3,7,1920,0.0,1968,141202,98072,47.7487,-122.08200000000001,1920,9760,208.33
446,141110,1030000.0,3.0,2.5,3545,9816,1.0,0,0,3,10,2610,935.0,2005,141110,98027,47.5534,-122.07799999999999,3630,7704,290.55
447,150319,505000.0,3.0,2.0,1260,5460,1.0,0,0,3,7,1260,0.0,1972,150319,98034,47.7355,-122.18,1510,5460,400.79
448,141009,475000.0,5.0,2.5,2340,7200,1.0,0,0,3,7,1300,1040.0,1975,141009,98034,47.7206,-122.211,1930,7221,202.99
449,141105,520000.0,3.0,2.25,2590,9263,1.0,0,0,5,8,1440,1150.0,1977,141105,98028,47.7691,-122.262,2580,9450,200.77
450,150502,1450000.0,3.0,4.5,3970,24920,2.0,0,2,3,10,3260,710.0,1977,150502,98034,47.7183,-122.258,2610,13838,365.24
451,141231,333500.0,3.0,1.75,1220,9732,1.0,0,0,3,7,1220,0.0,1965,141231,98011,47.7736,-122.214,1630,10007,273.36
452,150222,232000.0,3.0,1.0,1400,10403,1.0,0,0,4,6,1400,0.0,1976,150222,98038,47.361999999999995,-122.029,1230,10209,165.71
453,150421,691100.0,3.0,2.75,2360,16117,1.0,0,0,4,8,1710,650.0,1983,150421,98006,47.5698,-122.12100000000001,2120,16117,292.84
454,141014,811000.0,3.0,1.75,1870,9897,1.0,0,0,4,8,1870,0.0,1960,141014,98040,47.5505,-122.221,1900,10005,433.69
455,140520,551000.0,3.0,2.5,2830,5802,2.0,0,0,3,9,2830,0.0,2001,140520,98028,47.7605,-122.234,2500,5788,194.7
456,150108,496500.0,3.0,2.5,2260,3640,2.0,0,0,3,8,2260,0.0,1994,150108,98072,47.7356,-122.15700000000001,2350,3710,219.69
457,141126,705000.0,3.0,3.0,1970,20978,2.0,1,3,4,9,1770,200.0,1980,141126,98070,47.3844,-122.43799999999999,2280,75396,357.87
458,140612,578000.0,4.0,2.5,3140,9225,1.0,0,2,5,9,1770,1370.0,1966,140612,98055,47.4904,-122.226,2460,9600,184.08
459,150128,255000.0,3.0,1.75,1240,8659,1.0,0,0,5,7,1240,0.0,1986,150128,98042,47.3663,-122.089,1490,8223,205.65
460,140626,1050000.0,4.0,3.5,3450,7832,2.0,0,0,3,10,3450,0.0,2007,140626,98006,47.5637,-122.12299999999999,3220,8567,304.35
461,150305,348000.0,3.0,2.25,2570,8491,2.0,0,0,4,8,2570,0.0,1989,150305,98042,47.3759,-122.125,2400,8049,135.41
462,141104,230000.0,3.0,2.0,1510,3413,2.0,0,0,3,7,1510,0.0,1985,141104,98031,47.3912,-122.167,1570,3777,152.32
463,141209,359500.0,4.0,2.25,2390,11250,2.0,0,0,3,9,2390,0.0,1988,141209,98023,47.3305,-122.37100000000001,2480,11250,150.42
464,141112,330000.0,3.0,1.0,980,7000,1.0,0,0,3,6,980,0.0,1953,141112,98133,47.7617,-122.35700000000001,1220,7000,336.73
465,140523,80000.0,1.0,0.75,430,5050,1.0,0,0,2,4,430,0.0,1912,140523,98014,47.6499,-121.90899999999999,1200,7500,186.05
466,141201,465000.0,3.0,1.75,1480,6360,1.0,0,0,3,7,1480,0.0,1954,141201,98133,47.7311,-122.353,1480,6360,314.19
467,141015,325000.0,4.0,2.5,1850,7324,2.0,0,0,3,8,1850,0.0,1997,141015,98042,47.3701,-122.10700000000001,2100,7329,175.68
468,150107,340500.0,3.0,2.0,2270,28025,1.0,0,0,4,7,1920,350.0,1947,150107,98168,47.4857,-122.318,1770,14833,150.0
469,150106,342500.0,3.0,2.5,1810,5192,2.0,0,0,3,8,1810,0.0,1993,150106,98038,47.3724,-122.042,1810,6200,189.23
470,140623,290900.0,2.0,2.0,1610,17600,2.0,0,0,3,6,1610,0.0,1930,140623,98178,47.4855,-122.266,1310,12950,180.68
471,150213,868700.0,3.0,4.25,3840,6161,2.0,0,0,3,10,3840,0.0,2000,150213,98074,47.6336,-122.064,3230,7709,226.22
472,141113,1200000.0,4.0,2.75,4110,8400,2.0,0,1,3,9,3130,980.0,1928,141113,98125,47.717,-122.281,2820,8400,291.97
473,141014,1150000.0,4.0,3.25,4190,10259,2.0,0,0,3,11,3150,1040.0,2000,141014,98074,47.6332,-122.066,4300,11919,274.46
474,140811,859900.0,4.0,2.75,3390,6298,2.0,0,0,3,9,3390,0.0,2011,140811,98074,47.5906,-122.06200000000001,3390,7111,253.66
475,140808,520000.0,4.0,2.25,1890,3006,2.0,0,0,3,7,1890,0.0,2003,140808,98029,47.5461,-121.99799999999999,1580,3000,275.13
476,140711,460000.0,3.0,2.5,1610,2527,2.0,0,2,3,9,1080,530.0,2005,140711,98118,47.5674,-122.29,1610,4173,285.71
477,140901,438924.0,3.0,1.5,1050,4590,1.0,0,0,3,7,850,200.0,1949,140901,98115,47.6943,-122.29,1770,5400,418.02
478,150406,315000.0,2.0,1.0,630,6550,1.0,0,0,3,5,630,0.0,1918,150406,98126,47.5486,-122.38,1420,6550,500.0
479,140718,590000.0,4.0,2.75,2910,10650,1.0,0,2,3,8,1780,1130.0,1975,140718,98033,47.6658,-122.18799999999999,2920,10988,202.75
480,141104,378500.0,4.0,1.75,1700,8640,1.0,0,0,3,7,850,850.0,1955,141104,98006,47.5772,-122.15299999999999,1620,9000,222.65
481,140603,328500.0,3.0,2.5,1950,8130,2.0,0,0,4,9,1950,0.0,1990,140603,98042,47.3875,-122.161,2350,7691,168.46
482,150325,849950.0,3.0,3.0,2990,9773,2.0,0,0,4,8,2990,0.0,1973,150325,98005,47.6344,-122.17399999999999,2230,11553,284.26
483,141027,525000.0,3.0,1.5,1350,6000,1.0,0,2,3,7,900,450.0,1950,141027,98136,47.5275,-122.391,1730,6012,388.89
484,150410,1390000.0,4.0,3.25,4860,181319,2.5,0,0,3,9,4860,0.0,1993,150410,98074,47.6179,-122.005,3850,181319,286.01
485,150428,295000.0,4.0,2.5,2160,7725,1.0,0,0,4,8,1460,700.0,1978,150428,98023,47.3078,-122.37799999999999,2060,8250,136.57
486,140711,1070000.0,6.0,3.5,4860,11793,2.0,0,0,3,11,3860,1000.0,1998,140711,98006,47.5521,-122.137,3600,11793,220.16
487,140721,207950.0,2.0,2.0,890,5000,1.0,0,0,3,6,890,0.0,1917,140721,98118,47.5158,-122.264,1860,5000,233.65
488,141216,699900.0,4.0,2.75,2810,7302,2.0,0,0,3,9,2810,0.0,2002,141216,98075,47.5985,-121.977,2820,7302,249.07
489,150210,1280000.0,5.0,2.5,3400,9500,2.0,0,1,4,8,3400,0.0,1977,150210,98027,47.5645,-122.08200000000001,3080,11081,376.47
490,141120,452000.0,4.0,1.5,1580,7350,1.0,0,0,4,7,960,620.0,1963,141120,98052,47.6734,-122.154,1560,7350,286.08
491,150205,370000.0,3.0,2.0,1680,5036,1.0,0,1,4,7,1680,0.0,1987,150205,98055,47.4734,-122.186,1680,4921,220.24
492,150127,232000.0,3.0,1.75,1300,11230,1.0,0,0,5,7,1300,0.0,1968,150127,98042,47.3811,-122.087,1300,10794,178.46
493,141030,669950.0,5.0,2.5,2820,14062,2.0,0,0,4,7,2380,440.0,1960,141030,98034,47.7081,-122.215,1910,10392,237.57
494,140614,397500.0,3.0,2.0,1510,6710,1.0,0,0,3,7,1070,440.0,1972,140614,98034,47.7193,-122.21600000000001,1660,6600,263.25
495,140512,490000.0,2.0,2.5,1230,1391,2.0,0,0,3,8,870,360.0,2004,140512,98112,47.6192,-122.301,1240,1350,398.37
496,150128,725000.0,4.0,2.0,2110,4140,2.0,0,0,3,9,1710,400.0,1925,150128,98116,47.5836,-122.387,1440,4420,343.6
497,140917,299000.0,3.0,2.75,3080,19635,1.0,0,2,4,7,1610,1470.0,1958,140917,98032,47.3841,-122.28399999999999,2424,12410,97.08
498,140818,625000.0,2.0,1.5,1490,5750,1.5,0,0,4,7,1190,300.0,1900,140818,98116,47.5872,-122.39,1590,4025,419.46
499,141106,437500.0,3.0,2.5,2120,4500,2.0,0,0,3,7,2120,0.0,2000,141106,98065,47.5322,-121.88,2530,4816,206.37
500,150510,650000.0,4.0,2.5,3180,5438,2.0,0,0,3,9,3180,0.0,2003,150510,98065,47.5416,-121.86399999999999,3030,5335,204.4
501,140519,475000.0,2.0,1.0,1490,3825,1.0,0,0,3,7,860,630.0,1929,140519,98117,47.6799,-122.381,1460,3825,318.79
502,140502,342000.0,3.0,2.0,1930,11947,1.0,0,0,4,8,1930,0.0,1966,140502,98042,47.3672,-122.15100000000001,2200,12825,177.2
503,141015,1200000.0,4.0,2.5,2770,7800,2.0,0,0,3,10,2770,0.0,1999,141015,98033,47.684,-122.205,2720,10000,433.21
504,150210,280000.0,3.0,1.5,1670,11610,1.0,0,0,4,7,1670,0.0,1963,150210,98055,47.4404,-122.191,1930,10200,167.66
505,140521,240000.0,2.0,1.75,1330,7200,1.0,0,0,3,7,1330,0.0,1993,140521,98188,47.4467,-122.281,1450,11682,180.45
506,140527,529000.0,3.0,1.0,1210,3328,1.5,0,0,4,7,1210,0.0,1924,140527,98107,47.6729,-122.363,1640,3333,437.19
507,150202,442000.0,3.0,1.0,1190,5100,1.0,0,0,4,7,1030,160.0,1941,150202,98136,47.5346,-122.385,1690,5100,371.43
508,140508,615000.0,2.0,1.0,1540,6872,1.0,0,0,4,7,820,0.0,1946,140508,98119,47.6454,-122.37299999999999,1420,5538,399.35
509,140612,1490000.0,4.0,3.75,4030,10800,2.0,0,0,3,10,4030,0.0,2006,140612,98033,47.6821,-122.196,2160,7200,369.73
510,150505,585000.0,4.0,1.75,2430,7559,1.0,0,0,4,8,1580,850.0,1981,150505,98052,47.7206,-122.11,1980,8750,240.74
511,150305,480000.0,4.0,2.5,2600,7787,2.0,0,0,3,8,2600,0.0,2005,150305,98059,47.4877,-122.139,2830,7787,184.62
512,140721,1100000.0,5.0,3.5,4410,57063,2.0,0,0,4,9,4410,0.0,1990,140721,98053,47.6554,-122.01799999999999,2900,50529,249.43
513,141105,290000.0,4.0,1.0,1330,8184,1.5,0,0,3,7,1330,0.0,1949,141105,98133,47.7343,-122.34700000000001,1220,660,218.05
514,140820,615000.0,3.0,1.75,1900,5000,1.0,0,0,5,7,950,950.0,1951,140820,98116,47.5789,-122.39299999999999,1770,5000,323.68
515,150311,300000.0,2.0,1.0,1100,7680,1.0,0,0,4,7,1100,0.0,1950,150311,98133,47.7439,-122.339,1460,7680,272.73
516,141029,308000.0,3.0,1.0,1980,39150,1.5,0,0,3,6,1580,400.0,1932,141029,98030,47.3818,-122.225,1860,11811,155.56
517,150507,750000.0,3.0,2.5,2400,7745,2.0,0,0,3,9,2400,0.0,2001,150507,98033,47.6734,-122.17299999999999,2080,8615,312.5
518,141114,2250000.0,4.0,2.25,4760,8036,2.5,0,0,5,9,3390,1370.0,1916,141114,98112,47.6415,-122.285,2950,9323,472.69
519,140805,890000.0,4.0,3.25,3180,194278,2.0,0,0,3,10,3180,0.0,2005,140805,98059,47.4711,-122.084,2200,178160,279.87
520,150325,288000.0,3.0,1.0,1190,7560,1.0,0,0,5,6,1190,0.0,1958,150325,98058,47.452,-122.177,1190,7560,242.02
521,140906,190000.0,2.0,1.0,630,6000,1.0,0,0,3,6,630,0.0,1943,140906,98178,47.4973,-122.221,1470,6840,301.59
522,150326,515000.0,5.0,3.0,2530,5105,1.0,0,0,3,8,1520,1010.0,2005,150326,98133,47.7546,-122.34100000000001,2290,4011,203.56
523,141105,235000.0,4.0,1.5,1690,11054,1.0,0,0,4,5,1690,0.0,1930,141105,98055,47.4667,-122.215,1690,9040,139.05
524,140818,275000.0,2.0,1.0,940,5000,1.0,0,0,3,6,940,0.0,1951,140818,98126,47.5186,-122.374,940,5000,292.55
525,141121,727500.0,2.0,2.0,1240,9119,1.0,0,0,4,7,1240,0.0,1952,141121,98004,47.6221,-122.193,1380,9121,586.69
526,140620,650000.0,4.0,2.5,3040,6587,2.0,0,0,3,7,3040,0.0,2003,140620,98053,47.683,-122.039,2740,6587,213.82
527,140618,1600000.0,6.0,5.0,6050,230652,2.0,0,3,3,11,6050,0.0,2001,140618,98024,47.6033,-121.943,4210,233971,264.46
528,141105,365000.0,4.0,1.0,1590,7085,1.5,0,0,3,6,1590,0.0,1944,141105,98125,47.7315,-122.305,1320,7085,229.56
529,141008,662000.0,3.0,1.75,2500,36947,1.0,0,0,3,9,2500,0.0,1984,141008,98052,47.6917,-122.084,2590,28837,264.8
530,150429,270500.0,3.0,2.5,1780,7848,1.0,0,0,3,7,1320,460.0,1978,150429,98038,47.3608,-122.056,1680,7848,151.97
531,150505,200000.0,2.0,1.5,1360,1898,2.0,0,0,3,7,1360,0.0,1978,150505,98092,47.2852,-122.19,1360,1898,147.06
532,150224,970000.0,4.0,3.25,4740,76230,2.0,0,0,3,10,4740,0.0,1987,150224,98075,47.5931,-122.071,3340,49206,204.64
533,140624,160000.0,3.0,1.5,1010,9600,1.0,0,0,4,7,1010,0.0,1962,140624,98198,47.4097,-122.316,1400,9660,158.42
534,150218,204000.0,3.0,1.0,1040,7405,1.0,0,0,4,6,1040,0.0,1971,150218,98010,47.3105,-122.021,1580,7405,196.15
535,150218,358000.0,3.0,2.25,1610,6655,2.0,0,0,4,7,1610,0.0,1985,150218,98058,47.4296,-122.161,1780,7529,222.36
536,150501,452000.0,4.0,1.75,1570,8268,1.0,0,0,3,7,1570,0.0,1979,150501,98011,47.7373,-122.197,1870,8190,287.9
537,141204,595000.0,2.0,2.0,1510,4000,1.0,0,0,4,7,1010,500.0,1900,141204,98103,47.6582,-122.345,1920,4000,394.04
538,150410,249000.0,3.0,2.0,1360,6082,1.0,0,0,3,7,1360,0.0,1994,150410,98042,47.3577,-122.16,1360,6987,183.09
539,150310,346900.0,4.0,2.5,1970,5106,2.0,0,0,3,8,1970,0.0,1999,150310,98055,47.449,-122.205,2230,5109,176.09
540,150218,2130000.0,3.0,2.5,5403,24069,2.0,1,4,4,12,5403,0.0,1976,150218,98166,47.4169,-122.348,3980,104374,394.23
541,141030,280000.0,4.0,2.5,1560,4350,2.0,0,0,3,7,1560,0.0,2003,141030,98056,47.5025,-122.186,1560,4350,179.49
542,141013,318888.0,4.0,1.75,2320,12000,1.0,0,0,4,8,2270,50.0,1973,141013,98032,47.3644,-122.28,2120,9880,137.45
543,140911,530000.0,3.0,2.25,2120,40518,1.0,0,0,3,8,2120,0.0,1967,140911,98075,47.5896,-122.009,2480,13492,250.0
544,141121,375000.0,3.0,2.25,2120,18500,2.0,0,0,4,8,2120,0.0,1983,141121,98031,47.3914,-122.169,2120,14479,176.89
545,150422,910000.0,4.0,2.5,3350,29242,2.0,0,0,3,11,3350,0.0,1988,150422,98052,47.7197,-122.131,3920,24728,271.64
546,140523,782000.0,4.0,2.5,2380,9614,2.0,0,0,4,10,2380,0.0,1991,140523,98006,47.5623,-122.116,2560,9770,328.57
547,150319,259950.0,2.0,2.0,1070,649,2.0,0,0,3,9,720,350.0,2008,150319,98106,47.5213,-122.35700000000001,1070,928,242.94
548,140923,315000.0,4.0,2.75,2300,18360,1.0,0,0,4,7,1560,740.0,1979,140923,98058,47.4518,-122.16,1870,9588,136.96
549,140528,215000.0,2.0,1.0,1320,8865,1.0,0,0,4,6,1320,0.0,1943,140528,98168,47.4949,-122.3,1190,6490,162.88
550,140723,705000.0,3.0,1.75,2180,10221,1.0,0,2,4,7,1140,1040.0,1946,140723,98040,47.5885,-122.24799999999999,2180,8535,323.39
551,141013,1450000.0,3.0,3.0,4380,6320,2.0,0,3,5,10,3580,800.0,1952,141013,98199,47.6452,-122.411,3080,7680,331.05
552,150508,451000.0,3.0,1.75,1790,9813,2.0,0,0,3,7,1790,0.0,1949,150508,98155,47.748999999999995,-122.305,1520,10125,251.96
553,140902,261000.0,2.0,1.0,750,8125,1.0,0,0,4,6,750,0.0,1943,140902,98055,47.4727,-122.198,1340,8750,348.0
554,141117,396000.0,3.0,1.5,1300,8280,1.0,0,0,5,7,1300,0.0,1956,141117,98028,47.7403,-122.256,1570,8692,304.62
555,140722,725000.0,4.0,2.5,2990,29170,2.0,0,3,3,9,2990,0.0,1999,140722,98059,47.5146,-122.117,3715,29170,242.47
556,140620,1950000.0,7.0,3.5,4640,15235,2.0,0,1,3,11,2860,1780.0,1965,140620,98040,47.5666,-122.23100000000001,3230,20697,420.26
557,140715,238000.0,4.0,1.0,1400,7242,1.5,0,0,3,7,1400,0.0,1959,140715,98188,47.4339,-122.291,1310,7314,170.0
558,150427,750000.0,6.0,1.75,2750,9563,2.0,0,0,4,8,2750,0.0,1973,150427,98052,47.6368,-122.09700000000001,2040,9563,272.73
559,141027,331500.0,4.0,2.5,2050,10271,2.0,0,0,3,7,2050,0.0,1998,141027,98042,47.3628,-122.075,2050,8103,161.71
560,141028,460000.0,4.0,3.0,2230,108900,1.0,0,0,3,7,1410,820.0,1978,141028,98065,47.52,-121.845,1960,65340,206.28
561,140707,404950.0,4.0,2.25,2340,217014,1.0,0,0,4,8,2340,0.0,1982,140707,98092,47.2953,-122.083,2340,107898,173.06
562,141217,880000.0,3.0,2.5,2870,5163,2.0,0,0,3,9,2870,0.0,2014,141217,98103,47.6935,-122.352,1630,7995,306.62
563,140613,863000.0,4.0,2.5,4120,22370,2.0,0,0,3,10,4120,0.0,1997,140613,98074,47.6239,-122.023,3180,7257,209.47
564,141216,638700.0,3.0,1.75,2080,9162,1.0,0,0,3,7,1370,710.0,1960,141216,98005,47.5846,-122.16799999999999,1870,8944,307.07
565,140728,435000.0,3.0,2.5,1840,5680,2.0,0,0,3,7,1840,0.0,2008,140728,98053,47.6969,-122.02600000000001,1600,4697,236.41
566,141231,260000.0,3.0,1.0,1180,5350,1.5,0,0,4,6,1180,0.0,1959,141231,98178,47.505,-122.259,1490,5350,220.34
567,140814,671500.0,5.0,2.75,2160,4000,1.5,0,0,5,7,1530,630.0,1927,140814,98105,47.667,-122.289,2040,4000,310.88
568,141022,610000.0,3.0,1.0,1180,3400,1.5,0,0,3,8,1180,0.0,1907,141022,98109,47.6376,-122.353,1440,3400,516.95
569,141218,405000.0,2.0,0.75,1160,15029,1.0,0,0,4,6,870,290.0,1937,141218,98014,47.6929,-121.87,1870,25346,349.14
570,140718,338900.0,4.0,2.5,1830,5612,2.0,0,0,3,7,1830,0.0,2003,140718,98038,47.3572,-122.015,1830,5998,185.19
571,150123,720000.0,4.0,4.0,3200,7708,2.0,0,0,3,10,3200,0.0,2004,150123,98075,47.5816,-121.97,3480,7944,225.0
572,150424,442000.0,5.0,3.0,2560,5445,1.5,0,0,4,7,1760,800.0,1927,150424,98108,47.5502,-122.311,1080,5445,172.66
573,140603,650000.0,5.0,2.75,2550,5040,1.5,0,0,5,8,2550,0.0,1902,140603,98122,47.6136,-122.29899999999999,1590,3840,254.9
574,150102,263500.0,3.0,1.75,1330,9917,1.0,0,0,3,7,1040,290.0,1981,150102,98058,47.4478,-122.161,1330,9081,198.12
575,141217,300000.0,2.0,1.0,1220,75794,1.0,0,0,4,7,1220,0.0,1963,141217,98038,47.4219,-122.007,2010,98010,245.9
576,141209,266000.0,3.0,2.5,1805,3402,2.0,0,0,3,7,1805,0.0,2009,141209,98002,47.3521,-122.212,2095,3402,147.37
577,141211,930000.0,4.0,4.0,6050,84942,2.5,0,2,3,9,4150,1900.0,2009,141211,98077,47.7466,-122.029,2700,199504,153.72
578,150127,530000.0,4.0,2.5,2320,5493,2.0,0,0,3,8,2320,0.0,2004,150127,98028,47.7727,-122.229,2450,5471,228.45
579,141211,180000.0,3.0,1.0,1384,8960,1.0,0,0,4,6,1384,0.0,1965,141211,98023,47.3062,-122.37100000000001,1000,8470,130.06
580,140516,619000.0,3.0,2.5,2720,6439,2.0,0,0,3,9,2720,0.0,2005,140516,98065,47.5422,-121.86,3180,7320,227.57
581,140821,264000.0,3.0,1.5,1820,10608,1.0,0,0,4,7,1820,0.0,1962,140821,98003,47.3366,-122.306,1380,8976,145.05
582,140701,730000.0,2.0,2.25,2130,4920,1.5,0,4,4,7,1530,600.0,1941,140701,98116,47.573,-122.40899999999999,2130,4920,342.72
583,141022,439000.0,4.0,2.25,2060,10070,2.0,0,0,3,7,2060,0.0,1975,141022,98034,47.7258,-122.177,2060,8155,213.11
584,141117,268500.0,4.0,1.75,1420,7500,1.0,0,0,4,7,1080,340.0,1981,141117,98031,47.4025,-122.176,1500,7260,189.08
585,140715,330000.0,3.0,1.75,1510,15744,1.0,0,0,3,7,1510,0.0,1985,140715,98045,47.476000000000006,-121.755,1470,15744,218.54
586,140819,640000.0,3.0,2.5,2160,4000,1.5,0,0,3,8,1960,200.0,1903,140819,98122,47.6045,-122.307,2160,5120,296.3
587,140708,900000.0,3.0,2.5,3180,12600,2.0,0,0,4,11,3180,0.0,1978,140708,98074,47.6366,-122.05799999999999,3030,12835,283.02
588,140930,370000.0,3.0,2.25,2110,13300,2.0,0,0,4,8,2110,0.0,1985,140930,98038,47.3725,-122.06,2470,14000,175.36
589,150314,685000.0,3.0,2.0,2060,2900,1.5,0,0,5,8,1330,730.0,1931,150314,98144,47.5897,-122.292,1910,3900,332.52
590,140904,505000.0,3.0,1.5,1830,217800,1.0,0,0,3,7,1010,820.0,1981,140904,98053,47.6277,-121.97200000000001,2450,165963,275.96
591,141021,265000.0,3.0,1.75,1820,32666,1.0,0,0,4,7,1820,0.0,1966,141021,98022,47.1803,-121.97399999999999,2050,43560,145.6
592,150324,290000.0,3.0,2.5,1610,2937,2.0,0,0,3,8,1610,0.0,2006,150324,98055,47.4489,-122.18799999999999,1610,3049,180.12
593,140902,296000.0,4.0,2.5,1780,3600,2.0,0,0,3,7,1780,0.0,2006,140902,98038,47.3665,-122.01700000000001,2020,3802,166.29
594,150213,360000.0,4.0,2.5,1840,9611,2.0,0,0,3,7,1840,0.0,1996,150213,98178,47.4964,-122.251,1830,8505,195.65
595,140604,240500.0,3.0,1.75,1460,10584,1.0,0,0,3,7,990,470.0,1997,140604,98168,47.492,-122.31700000000001,1220,12012,164.73
596,140722,372500.0,2.0,2.5,1400,2958,2.0,0,0,3,8,1400,0.0,2007,140722,98126,47.5496,-122.37299999999999,1540,2385,266.07
597,141002,595000.0,3.0,2.5,3370,14402,2.0,0,2,3,9,3370,0.0,2004,141002,98045,47.5008,-121.77600000000001,3330,9691,176.56
598,141017,515000.0,4.0,3.0,3590,8249,2.0,0,0,3,9,3590,0.0,1997,141017,98023,47.2846,-122.34100000000001,2860,7995,143.45
599,140805,1220000.0,4.0,2.25,3200,15367,2.0,0,0,4,9,3200,0.0,1962,140805,98040,47.5494,-122.21600000000001,3070,15263,381.25
600,141009,507000.0,2.0,1.75,1670,6460,1.0,0,0,3,8,1670,0.0,2004,141009,98053,47.7123,-122.027,2170,6254,303.59
601,150204,399950.0,4.0,2.0,2420,31465,1.0,0,0,3,9,2420,0.0,1984,150204,98092,47.3131,-122.115,2560,32186,165.27
602,140820,185000.0,3.0,1.75,1430,10816,2.0,0,0,3,7,1430,0.0,1994,140820,98010,47.3122,-121.99600000000001,1560,10816,129.37
603,140825,460000.0,3.0,1.75,1440,7070,1.0,0,0,3,7,1440,0.0,1980,140825,98052,47.6947,-122.125,1440,7210,319.44
604,150224,435500.0,3.0,2.25,1450,4789,2.0,0,0,3,7,1450,0.0,1985,150224,98029,47.5665,-122.01799999999999,1560,4490,300.34
605,150408,469000.0,4.0,2.75,3550,13938,1.0,0,0,5,8,2100,1450.0,1966,150408,98188,47.425,-122.28299999999999,2050,9000,132.11
606,140505,531000.0,2.0,3.0,1270,1175,2.0,0,0,3,8,1110,160.0,2000,140505,98103,47.6634,-122.34,1290,1800,418.11
607,150206,443500.0,2.0,1.0,940,6804,1.0,0,0,3,7,940,0.0,1949,150206,98177,47.7047,-122.37299999999999,1150,6930,471.81
608,141126,223000.0,3.0,2.0,1670,6824,1.0,0,0,3,7,1300,370.0,1990,141126,98042,47.3666,-122.084,1660,7586,133.53
609,150417,590000.0,4.0,3.5,3100,15842,2.0,0,0,3,8,2400,700.0,1996,150417,98028,47.7466,-122.242,2200,19400,190.32
610,141209,340000.0,2.0,2.5,1100,1760,3.0,0,0,3,7,1100,0.0,1997,141209,98103,47.6972,-122.35,1200,1415,309.09
611,141105,650000.0,3.0,2.0,1870,3388,1.0,0,0,4,8,1230,640.0,1925,141105,98199,47.6372,-122.395,1780,4050,347.59
612,140925,533600.0,3.0,2.5,1930,5080,2.0,0,0,4,8,1930,0.0,1990,140925,98029,47.5694,-122.001,2190,5085,276.48
613,140610,695000.0,3.0,2.75,2540,4694,2.0,0,0,3,9,2540,0.0,2005,140610,98074,47.6214,-122.024,2600,6344,273.62
614,140617,242000.0,3.0,1.75,1280,7524,1.5,0,0,4,7,1280,0.0,1988,140617,98031,47.3961,-122.18799999999999,1500,7777,189.06
615,150114,425000.0,3.0,2.25,1820,8814,1.0,0,0,3,7,1280,540.0,1967,150114,98125,47.7162,-122.309,1810,7515,233.52
616,150506,525000.0,3.0,2.25,1490,9414,2.0,0,0,3,7,1490,0.0,1981,150506,98052,47.6844,-122.113,1290,10125,352.35
617,140922,485000.0,3.0,2.5,1880,5502,2.0,0,0,3,8,1880,0.0,1988,140922,98029,47.5737,-122.01799999999999,2040,5411,257.98
618,150113,175000.0,3.0,1.0,1250,9775,1.0,0,0,3,7,1250,0.0,1971,150113,98045,47.4474,-121.771,1390,9650,140.0
619,140619,210000.0,3.0,2.0,1440,7210,1.0,0,0,3,8,1440,0.0,1983,140619,98092,47.3128,-122.184,1700,7245,145.83
620,150415,260000.0,3.0,2.5,1920,7415,2.0,0,0,3,7,1920,0.0,1989,150415,98031,47.4022,-122.171,1930,7536,135.42
621,140623,577000.0,3.0,2.5,2060,5750,1.0,0,0,3,7,1330,730.0,1976,140623,98116,47.5671,-122.391,1920,5750,280.1
622,141021,200000.0,3.0,1.5,1210,10588,1.0,0,0,4,7,1210,0.0,1958,141021,98002,47.2876,-122.212,1408,10588,165.29
623,150225,605000.0,2.0,1.75,1760,5000,1.0,0,0,4,7,940,820.0,1927,150225,98117,47.681999999999995,-122.37200000000001,1530,5000,343.75
624,140521,325000.0,3.0,1.0,990,6750,1.0,0,0,4,6,990,0.0,1947,140521,98133,47.7125,-122.331,1440,6860,328.28
625,140814,289500.0,3.0,1.0,960,6400,1.0,0,0,4,6,820,140.0,1944,140814,98178,47.496,-122.23899999999999,1200,6600,301.56
626,140808,559950.0,3.0,2.5,1660,1458,3.0,0,0,3,9,1660,0.0,2014,140808,98144,47.5876,-122.309,1660,1784,337.32
627,150406,1040000.0,3.0,1.75,1900,9375,1.0,0,1,4,8,1330,570.0,1941,150406,98115,47.6821,-122.273,2760,9375,547.37
628,141009,543500.0,3.0,2.25,1270,2790,1.0,0,0,3,7,990,280.0,1970,141009,98199,47.6581,-122.396,1920,4000,427.95
629,140522,480000.0,4.0,2.25,3250,34293,2.0,0,0,4,9,3250,0.0,1983,140522,98042,47.3496,-122.094,3110,35982,147.69
630,140523,218000.0,3.0,1.0,960,9633,1.0,0,0,5,6,960,0.0,1982,140523,98022,47.1951,-122.001,1080,8610,227.08
631,140622,565000.0,2.0,1.75,1330,6000,1.0,0,0,4,7,960,370.0,1914,140622,98199,47.6539,-122.396,1620,6000,424.81
632,141212,426700.0,3.0,1.75,2080,7700,1.0,0,0,5,7,1600,480.0,1968,141212,98056,47.5375,-122.178,1680,7700,205.14
633,140912,650000.0,3.0,2.5,2690,11575,1.0,0,3,3,8,2130,0.0,1957,140912,98028,47.7605,-122.26700000000001,2390,11782,241.64
634,140924,542000.0,2.0,1.0,890,3060,1.0,0,0,3,7,770,120.0,1910,140924,98105,47.6663,-122.32600000000001,1760,4080,608.99
635,140624,415000.0,3.0,1.75,1070,8000,1.0,0,0,3,7,1070,0.0,1977,140624,98052,47.6978,-122.13,1200,7990,387.85
636,140815,214000.0,3.0,1.0,1200,8316,1.0,0,0,4,6,1200,0.0,1953,140815,98002,47.3221,-122.215,1200,8316,178.33
637,150121,245000.0,3.0,1.5,1360,8910,2.0,0,0,5,7,1360,0.0,1949,150121,98188,47.4488,-122.275,1220,8912,180.15
638,140701,314500.0,3.0,2.0,2050,13303,1.0,0,0,3,8,2050,0.0,1993,140701,98003,47.2681,-122.31,2180,11590,153.41
639,150409,1120000.0,3.0,1.5,3000,5750,2.0,0,0,5,9,2000,1000.0,1924,150409,98116,47.5821,-122.39,1820,5750,373.33
640,150303,378000.0,2.0,2.0,1300,3850,1.0,0,0,3,7,800,500.0,1963,150303,98136,47.5395,-122.39,950,5500,290.77
641,140728,305000.0,4.0,2.5,2250,9091,1.0,0,0,3,7,1340,910.0,1982,140728,98001,47.33600000000001,-122.26899999999999,1540,7802,135.56
642,150320,595000.0,5.0,2.75,3740,6750,1.0,0,0,4,8,1980,1760.0,1978,150320,98028,47.7679,-122.26100000000001,2620,7920,159.09
643,150512,729500.0,3.0,2.5,1660,1091,3.0,0,1,3,9,1530,130.0,2015,150512,98116,47.5818,-122.402,1510,1352,439.46
644,140930,430000.0,3.0,2.5,2360,6699,2.0,0,0,3,7,2360,0.0,2003,140930,98065,47.5317,-121.853,2360,4744,182.2
645,150409,240000.0,3.0,1.75,1760,6500,1.0,0,0,3,7,1150,0.0,1987,150409,98038,47.3647,-122.05,1760,8125,136.36
646,150320,545000.0,3.0,1.75,1680,6200,1.5,0,0,3,7,1680,0.0,1916,150320,98136,47.5338,-122.384,1680,5100,324.4
647,140707,530000.0,3.0,1.75,1320,2500,1.0,0,0,3,7,870,450.0,1918,140707,98105,47.6681,-122.305,1580,2750,401.52
648,141118,157000.0,1.0,1.0,870,26326,1.0,0,0,3,6,870,0.0,1939,141118,98198,47.4152,-122.3,1250,10608,180.46
649,150407,425000.0,4.0,1.0,1260,7645,1.5,0,0,3,6,1260,0.0,1925,150407,98146,47.5044,-122.35,1170,7649,337.3
650,141117,220000.0,3.0,1.0,1000,6020,1.0,0,0,3,6,1000,0.0,1944,141117,98166,47.4793,-122.346,1300,8640,220.0
651,141124,521000.0,4.0,1.75,2020,36400,1.0,0,0,4,8,1550,470.0,1976,141124,98077,47.7627,-122.07600000000001,2520,38255,257.92
652,140523,325000.0,3.0,1.0,1920,6862,1.0,0,2,3,7,1120,800.0,1952,140523,98118,47.5193,-122.274,2000,6900,169.27
653,150403,597500.0,3.0,2.0,2150,5400,1.5,0,0,4,7,1380,770.0,1911,150403,98126,47.555,-122.37899999999999,1940,6500,277.91
654,140723,337000.0,3.0,2.5,1470,3976,2.0,0,0,3,7,1470,0.0,1999,140723,98065,47.526,-121.82600000000001,1490,4400,229.25
655,150422,1000000.0,3.0,2.5,3180,10492,2.0,0,2,3,10,3180,0.0,1991,150422,98052,47.655,-122.124,3000,9812,314.47
656,141120,3070000.0,3.0,2.5,3930,55867,1.0,1,4,4,8,2330,1600.0,1957,141120,98034,47.7022,-122.22399999999999,2730,26324,781.17
657,140507,495000.0,3.0,1.0,990,6000,1.0,0,0,3,6,990,0.0,1943,140507,98105,47.6718,-122.26700000000001,1250,6000,500.0
658,150102,748000.0,4.0,3.5,2770,3330,2.0,0,0,3,8,1970,800.0,2001,150102,98052,47.6327,-122.109,2180,3380,270.04
659,140902,888000.0,3.0,1.5,1250,8710,1.0,0,0,4,7,1250,0.0,1953,140902,98004,47.6245,-122.198,1750,9185,710.4
660,150324,269900.0,3.0,1.75,1140,22267,1.0,0,0,3,7,1140,0.0,1986,150324,98045,47.4761,-121.758,1150,15625,236.75
661,141113,496500.0,4.0,2.5,2250,14440,1.0,0,0,3,7,1550,700.0,1967,141113,98027,47.5221,-122.045,2090,11400,220.67
662,150121,475000.0,3.0,2.5,1640,5097,2.0,0,0,3,7,1640,0.0,1969,150121,98155,47.7522,-122.27799999999999,1880,6000,289.63
663,140527,312000.0,3.0,1.5,1255,1374,3.0,0,0,3,7,1255,0.0,2004,140527,98125,47.7145,-122.311,1307,1232,248.61
664,141124,323000.0,3.0,1.0,1290,12231,1.0,0,0,3,7,1290,0.0,1976,141124,98072,47.7404,-122.11,1390,11632,250.39
665,141124,331000.0,3.0,1.75,1300,9079,1.0,0,0,3,7,1300,0.0,1986,141124,98059,47.4834,-122.15899999999999,1890,7369,254.62
666,140514,306000.0,3.0,1.5,1220,1086,3.0,0,0,3,8,1220,0.0,2007,140514,98133,47.7049,-122.353,1220,1422,250.82
667,140930,655000.0,4.0,2.5,2630,4000,3.0,0,0,3,8,2630,0.0,2002,140930,98117,47.6915,-122.381,1640,4000,249.05
668,140709,290000.0,3.0,1.5,1950,15954,1.0,0,0,4,8,1950,0.0,1959,140709,98003,47.33600000000001,-122.319,1940,12667,148.72
669,140802,1250000.0,4.0,3.25,3160,5000,2.0,0,0,5,9,2360,800.0,1965,140802,98105,47.6597,-122.274,2220,4000,395.57
670,140616,460000.0,3.0,1.75,1550,4708,1.0,0,0,4,7,860,690.0,1949,140616,98115,47.6759,-122.286,1880,5600,296.77
671,140912,435000.0,4.0,2.5,1700,6380,1.0,0,0,4,7,850,0.0,1940,140912,98115,47.6988,-122.319,1380,6380,255.88
672,150316,664000.0,4.0,2.75,2510,11880,1.0,0,0,5,8,1630,880.0,1978,150316,98006,47.5427,-122.181,2390,11211,264.54
673,140729,865000.0,4.0,1.75,1800,4180,2.0,0,3,4,8,1800,0.0,1921,140729,98102,47.6462,-122.318,2180,4620,480.56
674,140813,385000.0,3.0,1.75,1800,18000,1.0,0,0,3,8,1200,600.0,1968,140813,98058,47.4406,-122.146,1800,18000,213.89
675,140718,497000.0,3.0,2.25,1870,9315,1.0,0,0,3,7,1350,520.0,1975,140718,98034,47.705,-122.20200000000001,2230,9579,265.78
676,140623,280000.0,2.0,1.0,1010,3000,1.0,0,0,4,7,1010,0.0,1925,140623,98045,47.4965,-121.785,1150,7000,277.23
677,150127,188000.0,2.0,1.5,1120,17487,1.0,0,0,3,6,1120,0.0,1924,150127,98178,47.5024,-122.271,1690,8056,167.86
678,140930,478500.0,3.0,1.0,2090,4755,1.0,0,2,3,8,1200,890.0,1969,140930,98136,47.5304,-122.387,1850,5300,228.95
679,140731,1150000.0,4.0,3.5,4370,18361,2.0,0,0,3,11,4370,0.0,2001,140731,98065,47.544,-121.87200000000001,4190,13641,263.16
680,140815,222000.0,3.0,2.0,1440,7187,1.0,0,0,4,7,970,470.0,1981,140815,98023,47.291000000000004,-122.368,1440,7187,154.17
681,140528,799000.0,4.0,3.0,2580,209523,2.0,0,0,3,8,2580,0.0,1984,140528,98053,47.6932,-122.006,3440,213444,309.69
682,140609,609900.0,4.0,2.5,3190,7399,2.0,0,0,3,10,3190,0.0,2006,140609,98038,47.3558,-122.00399999999999,3250,7323,191.19
683,141016,413000.0,4.0,3.5,2380,5809,2.0,0,0,4,7,1750,630.0,1995,141016,98106,47.5536,-122.359,1620,5775,173.53
684,141013,400000.0,4.0,1.0,1420,4875,1.5,0,0,3,7,1420,0.0,1930,141013,98115,47.6942,-122.321,1110,5413,281.69
685,150105,802541.0,5.0,2.75,2990,6768,2.0,0,0,3,9,2990,0.0,2014,150105,98006,47.5462,-122.182,2870,6768,268.41
686,140519,320000.0,3.0,2.5,2680,7757,2.0,0,0,3,8,2680,0.0,1990,140519,98023,47.2918,-122.346,2430,8231,119.4
687,150311,507000.0,4.0,2.5,2730,7649,2.0,0,0,3,7,2730,0.0,2006,150311,98065,47.5441,-121.882,2730,6216,185.71
688,140924,387500.0,3.0,1.0,1220,8329,1.0,0,0,3,6,1220,0.0,1946,140924,98115,47.6982,-122.29799999999999,1490,8322,317.62
689,150224,396000.0,3.0,1.0,1500,12616,1.0,0,0,3,7,1500,0.0,1967,150224,98072,47.7415,-122.101,1820,13950,264.0
690,140821,373000.0,3.0,1.75,1830,11788,1.0,0,1,3,8,1430,400.0,1958,140821,98055,47.4862,-122.22399999999999,2140,11964,203.83
691,140923,1480000.0,5.0,2.5,4570,19252,2.0,0,0,5,10,4570,0.0,1965,140923,98040,47.5553,-122.22,3180,13314,323.85
692,140721,359900.0,4.0,2.25,2470,7698,2.0,0,0,3,8,2470,0.0,1983,140721,98058,47.4406,-122.141,2330,7986,145.71
693,150304,410000.0,2.0,1.0,800,4342,1.0,0,0,3,6,670,130.0,1927,150304,98115,47.6997,-122.316,1210,4343,512.5
694,140712,690000.0,4.0,2.5,2900,23488,2.0,0,0,3,9,2900,0.0,1992,140712,98053,47.6726,-122.03,2900,34589,237.93
695,140625,245000.0,3.0,2.0,1410,5760,1.0,0,0,3,7,1410,0.0,1985,140625,98030,47.3702,-122.185,1670,6222,173.76
696,141229,700000.0,5.0,2.5,2830,25958,1.0,0,1,5,8,1610,1220.0,1979,141229,98075,47.5896,-122.083,2670,21567,247.35
697,140922,268000.0,4.0,1.75,1680,9966,1.0,0,0,3,7,1100,580.0,1977,140922,98198,47.3923,-122.311,2400,10369,159.52
698,140610,225000.0,3.0,1.75,1760,26055,1.0,0,0,3,7,920,840.0,1979,140610,98042,47.3664,-122.1,1350,13475,127.84
699,141009,980000.0,4.0,2.25,2240,11034,2.0,0,0,3,8,2240,0.0,1976,141009,98004,47.5894,-122.195,2300,11550,437.5
700,150407,795000.0,2.0,1.0,1380,5000,1.5,0,2,3,5,1380,0.0,1905,150407,98106,47.5708,-122.359,1500,5000,576.09
701,150504,195000.0,2.0,1.0,820,5100,1.0,0,0,3,6,820,0.0,1953,150504,98118,47.5156,-122.262,1170,5304,237.8
702,141103,480000.0,4.0,2.0,2180,10575,1.0,0,0,2,6,1730,450.0,1950,141103,98005,47.589,-122.177,2180,12010,220.18
703,141219,485000.0,4.0,2.0,1400,3600,1.0,0,0,3,7,1100,300.0,1900,141219,98119,47.6385,-122.37,1630,2048,346.43
704,140815,130000.0,2.0,1.0,880,9000,1.0,0,0,3,5,880,0.0,1928,140815,98188,47.4672,-122.291,1410,10000,147.73
705,140804,325000.0,2.0,1.0,1060,5703,1.0,0,2,4,6,1060,0.0,1946,140804,98198,47.3444,-122.32700000000001,2240,4416,306.6
706,150413,440000.0,3.0,1.75,1530,7245,1.0,0,0,4,7,1530,0.0,1984,150413,98034,47.731,-122.191,1530,7490,287.58
707,141014,550000.0,4.0,1.75,2480,14782,1.0,0,3,3,8,1460,1020.0,1958,141014,98155,47.7646,-122.271,2910,10800,221.77
708,140805,310000.0,3.0,1.75,1490,7150,1.0,0,0,5,6,1490,0.0,1967,140805,98059,47.5015,-122.124,1350,9100,208.05
709,140701,530000.0,3.0,2.5,3660,39478,2.0,0,2,4,9,3260,400.0,1989,140701,98022,47.2413,-121.97200000000001,2700,38312,144.81
710,140625,390000.0,4.0,2.5,2340,8548,2.0,0,0,3,8,2340,0.0,1993,140625,98031,47.4206,-122.18299999999999,1970,6818,166.67
711,140908,243000.0,3.0,1.75,1450,12125,1.0,0,0,4,7,1450,0.0,1981,140908,98001,47.3575,-122.28,1210,12125,167.59
712,140722,639000.0,4.0,2.5,2210,9875,2.0,0,0,3,9,2210,0.0,1990,140722,98074,47.6285,-122.025,2440,8799,289.14
713,140918,215000.0,4.0,1.0,1130,7400,1.0,0,0,4,7,1130,0.0,1969,140918,98003,47.3437,-122.316,1540,7379,190.27
714,150304,405000.0,5.0,1.75,1550,10500,1.0,0,0,3,7,1100,450.0,1961,150304,98011,47.7573,-122.22,1420,9823,261.29
715,141222,250000.0,4.0,1.75,1710,7140,1.0,0,0,5,7,1010,700.0,1968,141222,98032,47.3745,-122.275,1770,8960,146.2
716,140715,405500.0,3.0,1.5,1010,8108,1.0,0,0,5,7,1010,0.0,1954,140715,98155,47.7359,-122.309,1300,8108,401.49
717,140728,452000.0,6.0,2.25,2660,13579,2.0,0,0,3,7,2660,0.0,1937,140728,98125,47.7142,-122.286,1120,8242,169.92
718,150102,730000.0,6.0,2.25,2660,13579,2.0,0,0,3,7,2660,0.0,1937,150102,98125,47.7142,-122.286,1120,8242,274.44
719,150414,267000.0,3.0,2.0,1300,9644,1.0,0,0,3,7,1300,0.0,1994,150414,98010,47.3131,-121.99799999999999,1430,9656,205.38
720,140808,289950.0,3.0,2.5,1670,6186,2.0,0,0,3,7,1670,0.0,2002,140808,98038,47.3668,-122.031,2390,6924,173.62
721,140728,565000.0,2.0,1.0,960,4080,1.0,0,0,5,7,960,0.0,1911,140728,98103,47.6893,-122.34899999999999,1300,4080,588.54
722,140808,1580000.0,4.0,3.25,4670,51836,2.0,0,0,4,12,4670,0.0,1988,140808,98005,47.635,-122.164,4230,41075,338.33
723,150420,636000.0,3.0,2.5,2140,2770,2.0,0,0,3,8,1770,370.0,2007,150420,98052,47.6664,-122.131,2510,2708,297.2
724,140918,350000.0,5.0,3.0,2520,5500,1.0,0,0,3,8,1550,970.0,2004,140918,98178,47.4938,-122.255,1700,8000,138.89
725,140604,320000.0,3.0,1.5,1650,9380,1.0,0,0,5,7,1130,520.0,1978,140604,98058,47.4525,-122.162,1720,8856,193.94
726,140613,210000.0,2.0,1.75,1440,5680,1.0,0,0,4,8,1440,0.0,1978,140613,98198,47.3825,-122.319,1320,3547,145.83
727,140910,245000.0,2.0,1.0,1050,5900,1.0,0,0,3,7,1050,0.0,1950,140910,98126,47.5326,-122.376,1280,5900,233.33
728,141106,328000.0,3.0,1.75,1470,7650,1.0,0,0,3,7,1130,340.0,1983,141106,98059,47.4818,-122.161,1590,7500,223.13
729,140509,985000.0,4.0,2.25,4230,37769,2.0,0,0,3,11,4230,0.0,1989,140509,98077,47.7287,-122.07700000000001,3890,37034,232.86
730,140612,501000.0,3.0,1.75,1970,7972,1.0,0,3,5,8,1370,600.0,1976,140612,98055,47.4908,-122.225,2460,9796,254.31
731,140917,315000.0,3.0,2.25,1540,17424,2.0,0,0,3,7,1540,0.0,1992,140917,98045,47.4429,-121.759,1560,11439,204.55
732,140508,403000.0,3.0,2.75,2090,8354,2.0,0,0,3,8,2090,0.0,2012,140508,98019,47.7336,-121.965,2280,6348,192.82
733,140715,550000.0,3.0,2.0,2380,17950,2.0,0,0,4,8,2110,270.0,1934,140715,98155,47.7591,-122.28,2030,23900,231.09
734,150113,347500.0,4.0,2.5,2156,3562,2.0,0,0,3,9,2156,0.0,2012,150113,98030,47.3591,-122.20100000000001,1708,3539,161.18
735,141006,365000.0,4.0,2.25,2070,8893,2.0,0,0,4,8,2070,0.0,1986,141006,98058,47.4388,-122.162,2390,7700,176.33
736,150224,588000.0,3.0,1.0,1910,8167,1.0,0,0,4,8,1270,640.0,1951,150224,98117,47.7004,-122.368,1500,6816,307.85
737,140820,605000.0,3.0,1.75,1920,7400,1.0,0,0,4,8,1260,660.0,1977,140820,98006,47.5633,-122.131,2360,8048,315.1
738,141113,1300000.0,3.0,3.25,3400,5979,2.0,0,0,4,9,2290,1110.0,1937,141113,98105,47.6585,-122.273,3090,6435,382.35
739,141119,233000.0,3.0,2.0,1400,9177,1.0,0,0,3,7,1400,0.0,1974,141119,98001,47.3415,-122.272,2020,8547,166.43
740,140728,360000.0,4.0,2.5,2210,17715,2.0,0,0,3,8,2210,0.0,1997,140728,98030,47.3818,-122.2,2210,16907,162.9
741,141215,459000.0,2.0,1.75,1170,4887,1.0,0,0,3,6,1020,150.0,1929,141215,98117,47.695,-122.366,1170,5441,392.31
742,141107,740000.0,3.0,2.0,2100,72745,1.0,0,0,4,9,2100,0.0,1995,141107,98077,47.7479,-122.06200000000001,2290,54885,352.38
743,140917,305000.0,3.0,1.0,1160,9750,1.0,0,0,3,7,1160,0.0,1967,140917,98077,47.7422,-122.073,1160,9650,262.93
744,140620,395000.0,3.0,1.0,1500,4000,1.0,0,0,3,6,900,600.0,1925,140620,98117,47.6921,-122.38,950,4000,263.33
745,150123,560000.0,4.0,2.5,2940,6000,2.0,0,0,3,8,2940,0.0,2000,150123,98011,47.7533,-122.198,2510,6600,190.48
746,140714,650000.0,4.0,1.75,2010,5070,1.0,0,1,4,7,1300,710.0,1963,140714,98116,47.5793,-122.402,2180,5400,323.38
747,140605,449950.0,3.0,2.5,2170,4912,2.0,0,0,3,7,2170,0.0,2003,140605,98028,47.7767,-122.23899999999999,2010,4395,207.35
748,150224,517500.0,3.0,1.5,1430,5200,1.0,0,3,4,7,1250,180.0,1940,150224,98117,47.6988,-122.387,2210,6240,361.89
749,140903,435000.0,4.0,1.5,1510,6460,1.0,0,0,3,7,1070,440.0,1970,140903,98034,47.7121,-122.214,1450,6630,288.08
750,150409,329999.0,3.0,1.0,1150,6908,1.0,0,0,3,6,800,350.0,1952,150409,98155,47.7447,-122.31299999999999,1150,6908,286.96
751,141210,950000.0,3.0,1.75,2150,4200,1.0,0,4,5,8,1140,1010.0,1960,141210,98116,47.5671,-122.405,2510,7500,441.86
752,140730,447000.0,3.0,1.0,1370,6001,1.0,0,0,5,7,1230,140.0,1944,140730,98108,47.5646,-122.31700000000001,1370,5520,326.28
753,140828,699800.0,2.0,2.5,2380,6600,1.0,0,0,3,8,2380,0.0,2010,140828,98053,47.717,-122.02,1870,6600,294.03
754,140603,850000.0,3.0,1.75,1370,3850,1.0,0,0,5,7,770,600.0,1911,140603,98112,47.6374,-122.279,1390,3600,620.44
755,140902,316500.0,3.0,1.75,1600,14250,1.0,0,0,3,7,1070,0.0,1979,140902,98023,47.3272,-122.355,2140,14960,197.81
756,140715,942500.0,5.0,3.5,3750,9612,1.0,0,2,4,9,2030,1720.0,1981,140715,98006,47.5511,-122.15700000000001,3270,9688,251.33
757,150121,1310000.0,2.0,2.25,3950,3938,2.0,0,4,3,10,2910,1040.0,1991,150121,98116,47.5912,-122.384,3220,4500,331.65
758,150202,856600.0,4.0,2.25,2400,13430,1.0,0,0,4,9,2400,0.0,1964,150202,98005,47.5987,-122.178,2580,10077,356.92
759,141024,405600.0,5.0,1.5,2830,4000,2.5,0,0,4,8,2830,0.0,1918,141024,98118,47.5132,-122.262,1480,4000,143.32
760,140529,565000.0,4.0,2.5,2440,22594,2.0,0,0,3,8,2440,0.0,1996,140529,98053,47.6333,-121.97,2560,33341,231.56
761,140911,400000.0,3.0,2.25,1190,1149,2.0,0,0,3,8,1050,140.0,2008,140911,98116,47.5818,-122.387,1210,1316,336.13
762,150324,330000.0,3.0,2.0,1400,218252,1.0,0,0,3,7,1400,0.0,1997,150324,98019,47.7576,-121.934,2230,218222,235.71
763,150227,374950.0,4.0,2.75,2730,4683,2.0,0,0,3,7,2730,0.0,2005,150227,98038,47.3608,-122.04299999999999,2230,4924,137.34
764,141217,405300.0,3.0,2.75,2390,7939,1.0,0,0,5,7,1610,780.0,1983,141217,98056,47.4987,-122.166,1920,7939,169.58
765,141104,560000.0,3.0,2.25,2060,31400,2.0,0,0,3,8,2060,0.0,1984,141104,98074,47.6216,-122.056,2160,34500,271.84
766,150324,824000.0,4.0,2.25,2490,9864,1.0,0,0,4,8,1290,1200.0,1961,150324,98004,47.6051,-122.195,2360,9864,330.92
767,140716,260000.0,3.0,1.75,1100,10968,1.0,0,0,5,7,1100,0.0,1984,140716,98042,47.363,-122.08,1400,7799,236.36
768,150107,760000.0,4.0,2.5,2430,6099,1.0,0,0,5,8,1470,960.0,1965,150107,98115,47.6777,-122.287,2180,6099,312.76
769,140624,405000.0,3.0,2.5,3170,12750,2.0,0,0,3,10,2360,810.0,1995,140624,98023,47.3384,-122.336,2970,13125,127.76
770,140619,429900.0,4.0,2.5,2640,8625,2.0,0,0,3,8,2640,0.0,1987,140619,98058,47.4598,-122.15,2240,8700,162.84
771,141113,341500.0,3.0,1.5,1130,7223,1.0,0,0,4,7,1130,0.0,1961,141113,98056,47.5089,-122.189,1320,7356,302.21
772,140612,465250.0,5.0,2.0,1940,7642,1.5,0,0,3,7,1940,0.0,1957,140612,98177,47.7751,-122.38,1940,8724,239.82
773,140506,450000.0,2.0,2.0,1100,3000,1.5,0,0,3,7,1100,0.0,1912,140506,98117,47.6797,-122.36200000000001,1390,4000,409.09
774,150209,390000.0,3.0,1.0,1200,10800,1.0,0,0,4,7,1200,0.0,1955,150209,98006,47.5771,-122.14399999999999,1370,9950,325.0
775,140502,420000.0,3.0,2.25,2000,8030,1.0,0,0,4,8,1000,1000.0,1963,140502,98008,47.6188,-122.11399999999999,2070,8250,210.0
776,140615,269950.0,3.0,2.5,1890,4838,2.0,0,0,3,8,1730,160.0,2002,140615,98168,47.4802,-122.279,1910,7409,142.83
777,141016,493000.0,4.0,2.0,1910,2874,1.0,0,0,3,7,1060,850.0,1910,141016,98122,47.6101,-122.295,1520,2874,258.12
778,140515,370000.0,4.0,2.5,2710,5880,2.0,0,0,3,9,2710,0.0,1998,140515,98092,47.3314,-122.17200000000001,2520,6000,136.53
779,140612,2250000.0,5.0,4.25,4860,9453,1.5,0,1,5,10,3100,1760.0,1905,140612,98112,47.6196,-122.286,3150,8557,462.96
780,150225,305000.0,3.0,1.0,1250,23680,1.0,0,0,5,7,1250,0.0,1967,150225,98059,47.475,-122.11,1450,23680,244.0
781,140612,400000.0,3.0,1.75,1590,8219,1.5,0,0,5,6,970,620.0,1938,140612,98034,47.7146,-122.21700000000001,2030,7504,251.57
782,141118,320000.0,3.0,1.5,1240,1221,2.0,0,0,3,8,1050,190.0,2009,141118,98133,47.7073,-122.35600000000001,1180,887,258.06
783,150121,715000.0,4.0,1.0,2000,4800,2.0,0,0,4,7,2000,0.0,1911,150121,98103,47.6583,-122.351,1260,1452,357.5
784,141202,650000.0,6.0,2.75,3610,10003,1.5,0,0,4,8,3610,0.0,1966,141202,98008,47.6261,-122.125,2560,10004,180.06
785,150304,218000.0,5.0,1.75,1930,8040,1.0,0,0,4,8,1930,0.0,1966,150304,98023,47.3109,-122.376,2370,8000,112.95
786,150415,500000.0,2.0,1.0,1280,5400,1.0,0,0,3,7,1280,0.0,1964,150415,98117,47.6949,-122.37100000000001,1540,5670,390.62
787,141120,460000.0,4.0,2.0,2090,40419,1.0,0,0,4,7,2090,0.0,1984,141120,98027,47.4691,-121.993,2380,63162,220.1
788,140709,232500.0,3.0,1.5,1940,9887,1.0,0,0,4,7,1140,800.0,1969,140709,98003,47.3289,-122.32700000000001,1410,9936,119.85
789,140516,408200.0,3.0,2.5,1800,5761,2.0,0,0,4,7,1800,0.0,1990,140516,98106,47.5293,-122.363,1800,5952,226.78
790,140611,522000.0,3.0,1.75,1730,8400,1.0,0,0,4,7,1400,330.0,1980,140611,98052,47.6792,-122.115,1830,8636,301.73
791,140623,675000.0,4.0,2.5,2810,11120,2.0,0,0,3,9,2810,0.0,1982,140623,98074,47.6337,-122.044,3100,12672,240.21
792,140709,1360000.0,4.0,3.5,3550,11000,1.0,0,2,3,11,2260,1290.0,1999,140709,98006,47.5506,-122.134,4100,10012,383.1
793,141009,249950.0,4.0,1.0,1330,7980,1.5,0,0,3,6,1330,0.0,1952,141009,98168,47.492,-122.333,1570,8588,187.93
794,150304,210000.0,2.0,1.0,750,34133,1.0,0,0,3,6,750,0.0,1950,150304,98168,47.4781,-122.294,1460,25792,280.0
795,140711,429950.0,4.0,1.0,1760,7216,1.0,0,0,3,7,1090,670.0,1947,140711,98133,47.7041,-122.355,1180,3844,244.29
796,141006,737500.0,4.0,2.5,3200,36276,2.0,0,0,3,9,3200,0.0,1993,141006,98053,47.6304,-121.994,2930,33171,230.47
797,140926,710000.0,4.0,2.0,1740,9000,1.0,0,0,5,8,1740,0.0,1958,140926,98033,47.6815,-122.198,1850,7700,408.05
798,141020,470000.0,3.0,2.5,2100,4700,2.0,0,0,3,8,2100,0.0,1999,141020,98065,47.5341,-121.867,2100,4700,223.81
799,150224,1100000.0,4.0,3.5,4270,40097,1.0,0,0,4,12,4270,0.0,1993,150224,98077,47.7354,-122.07799999999999,3510,36149,257.61
800,140815,650000.0,3.0,2.0,1340,2720,1.5,0,0,3,7,1340,0.0,1913,140815,98103,47.6518,-122.335,2030,4590,485.07
801,140519,1220000.0,4.0,2.5,3190,8684,1.0,0,3,5,9,1680,1510.0,1967,140519,98006,47.5619,-122.162,3160,8684,382.45
802,150115,422120.0,3.0,2.5,1630,4534,2.0,0,0,3,8,1630,0.0,1987,150115,98034,47.7148,-122.205,1380,4779,258.97
803,150107,625000.0,5.0,2.5,2990,15085,2.0,0,0,3,9,2990,0.0,2007,150107,98011,47.746,-122.21799999999999,3150,13076,209.03
804,140606,385200.0,4.0,1.0,1550,7740,1.5,0,0,3,6,1550,0.0,1954,140606,98126,47.5222,-122.375,1220,7740,248.52
805,150414,500000.0,3.0,2.25,1690,4964,2.0,0,0,3,8,1690,0.0,1989,150414,98029,47.5756,-122.01,1800,5036,295.86
806,141118,308000.0,4.0,2.25,1960,12243,2.0,0,0,3,8,1960,0.0,1989,141118,98042,47.3405,-122.05799999999999,1910,12230,157.14
807,140605,565000.0,3.0,2.75,2390,9966,1.0,0,0,5,8,1360,1030.0,1977,140605,98006,47.5433,-122.185,2140,10713,236.4
808,140908,581000.0,3.0,2.5,2600,4438,2.0,0,0,3,7,2600,0.0,2004,140908,98053,47.6799,-122.03399999999999,2600,4904,223.46
809,140806,361000.0,3.0,2.0,1950,8698,1.0,0,0,3,8,1950,0.0,1999,140806,98042,47.39,-122.15299999999999,2330,7212,185.13
810,150122,345000.0,3.0,1.0,1250,7210,1.0,0,0,4,7,1250,0.0,1964,150122,98008,47.6329,-122.12100000000001,1530,8800,276.0
811,141016,419000.0,2.0,2.25,1180,1253,2.0,0,0,3,8,840,340.0,2008,141016,98122,47.6124,-122.309,1310,1963,355.08
812,150512,347000.0,3.0,2.5,1680,4308,2.0,0,0,3,7,1680,0.0,2004,150512,98056,47.4802,-122.179,2160,4182,206.55
813,141022,625000.0,4.0,2.25,2220,36085,2.0,0,0,3,9,2220,0.0,1989,141022,98075,47.5839,-121.991,3000,36906,281.53
814,150325,2400000.0,4.0,4.25,4890,15188,2.0,0,2,3,11,3090,1800.0,1999,150325,98040,47.5602,-122.227,3470,16201,490.8
815,141223,379000.0,3.0,3.25,2660,17852,2.5,0,0,3,8,2660,0.0,2014,141223,98010,47.3077,-122.01100000000001,1320,11876,142.48
816,141222,310000.0,3.0,1.5,1150,3323,2.0,0,0,3,7,1150,0.0,1988,141222,98029,47.5707,-122.01700000000001,1150,2980,269.57
817,150513,250000.0,2.0,2.0,1130,5500,1.0,0,0,4,6,1130,0.0,1941,150513,98030,47.3839,-122.225,1320,6600,221.24
818,140814,682000.0,5.0,2.75,2760,5000,2.0,0,0,3,9,2760,0.0,2005,140814,98059,47.538999999999994,-122.18799999999999,2870,5030,247.1
819,140721,246500.0,3.0,2.0,1430,8919,1.0,0,0,3,7,1430,0.0,1992,140721,98022,47.2118,-121.98299999999999,1580,8919,172.38
820,141029,325000.0,3.0,1.0,1490,57381,1.5,0,0,4,5,1490,0.0,1932,141029,98092,47.2597,-122.228,1580,101529,218.12
821,140806,310950.0,4.0,2.5,2030,4997,2.0,0,0,3,8,2030,0.0,2004,140806,98031,47.393,-122.184,2095,5500,153.18
822,140901,1100000.0,3.0,2.0,3010,5000,2.0,0,2,5,9,1890,1120.0,1931,140901,98199,47.6347,-122.396,2688,5000,365.45
823,141002,287500.0,3.0,1.0,1810,7200,1.0,0,0,4,7,1130,680.0,1954,141002,98133,47.7493,-122.351,1810,8100,158.84
824,150218,431000.0,3.0,1.0,1810,7200,1.0,0,0,4,7,1130,680.0,1954,150218,98133,47.7493,-122.351,1810,8100,238.12
825,140822,226000.0,3.0,1.0,970,5000,1.0,0,0,3,6,970,0.0,1968,140822,98118,47.5282,-122.279,1290,5875,232.99
826,150512,825000.0,3.0,1.75,2010,3090,1.5,0,0,5,7,1510,500.0,1926,150512,98103,47.681999999999995,-122.348,1600,3150,410.45
827,140911,175000.0,4.0,1.0,1300,6030,1.5,0,0,3,6,1300,0.0,1947,140911,98168,47.4778,-122.286,1240,6900,134.62
828,140515,465750.0,3.0,1.5,1260,10350,1.0,0,0,3,7,1260,0.0,1959,140515,98008,47.6357,-122.12299999999999,1800,10350,369.64
829,150319,659000.0,4.0,2.25,2610,24931,2.0,0,0,3,8,2610,0.0,1983,150319,98075,47.5771,-122.05,2550,18306,252.49
830,150210,595000.0,3.0,1.75,1910,5753,1.0,0,3,3,8,1110,800.0,1941,150210,98115,47.6898,-122.32700000000001,1630,5580,311.52
831,140626,350000.0,3.0,2.25,1780,16290,2.0,0,0,4,8,1780,0.0,1987,140626,98058,47.4622,-122.12700000000001,1780,8810,196.63
832,140606,270000.0,4.0,2.25,1900,8600,1.0,0,0,4,8,1900,0.0,1975,140606,98023,47.3102,-122.381,2120,8000,142.11
833,140911,662500.0,6.0,2.25,2450,25600,1.0,0,2,3,7,1340,1110.0,1957,140911,98008,47.6061,-122.117,1850,10230,270.41
834,141120,249900.0,3.0,1.75,1380,14000,1.0,0,0,4,5,1380,0.0,1939,141120,98001,47.294,-122.281,1490,18503,181.09
835,150317,324500.0,3.0,1.75,1920,11340,1.0,0,0,4,7,1230,690.0,1977,150317,98023,47.3272,-122.36200000000001,1980,9638,169.01
836,140718,430000.0,2.0,1.75,1350,4003,1.0,0,0,3,8,1350,0.0,2004,140718,98053,47.7176,-122.03299999999999,1350,4479,318.52
837,150513,419950.0,2.0,1.75,1350,4003,1.0,0,0,3,8,1350,0.0,2004,150513,98053,47.7176,-122.03299999999999,1350,4479,311.07
838,140728,285000.0,4.0,1.75,2510,7440,1.0,0,2,4,8,1290,1220.0,1962,140728,98032,47.3748,-122.27600000000001,1790,8000,113.55
839,150107,332000.0,4.0,2.5,2470,7780,2.0,0,0,3,8,2470,0.0,2002,150107,98092,47.3337,-122.191,2100,5972,134.41
840,141215,282000.0,4.0,1.75,1660,10725,1.0,0,0,3,7,960,700.0,1956,141215,98168,47.5033,-122.3,1340,9023,169.88
841,141118,320000.0,3.0,1.0,1340,5175,1.0,0,0,3,7,940,400.0,1987,141118,98133,47.7321,-122.34,1020,5500,238.81
842,140509,428750.0,3.0,1.0,1620,30736,1.5,0,0,4,7,1620,0.0,1911,140509,98006,47.5719,-122.119,2440,28826,264.66
843,150114,330000.0,3.0,2.25,2300,35287,2.0,0,0,3,8,2300,0.0,1977,150114,98022,47.2477,-121.93700000000001,1760,47916,143.48
844,141209,456500.0,4.0,3.5,2000,2309,3.0,0,0,3,8,2000,0.0,2008,141209,98177,47.7027,-122.361,1440,1548,228.25
845,140509,352000.0,3.0,2.25,1640,11050,1.0,0,0,4,8,1640,0.0,1972,140509,98059,47.4723,-122.12100000000001,1870,11050,214.63
846,141125,664000.0,4.0,2.0,1530,4080,1.5,0,0,4,7,1530,0.0,1912,141125,98105,47.6645,-122.325,1860,4080,433.99
847,140722,628000.0,3.0,1.75,4000,11894,1.0,0,0,3,9,2190,1810.0,1987,140722,98011,47.7738,-122.20299999999999,2530,8650,157.0
848,150304,512000.0,3.0,1.75,1610,12555,1.0,0,0,3,7,1080,530.0,1977,150304,98052,47.6618,-122.13600000000001,1780,10374,318.01
849,141211,254000.0,3.0,2.0,2070,9000,1.0,0,0,4,7,1450,620.0,1969,141211,98023,47.3085,-122.376,1630,7885,122.71
850,140521,535800.0,4.0,2.5,1900,5790,2.0,0,0,3,8,1900,0.0,1994,140521,98029,47.5691,-121.99600000000001,2030,5790,282.0
851,141010,287653.0,3.0,1.0,1050,16050,1.0,0,0,4,7,1050,0.0,1960,141010,98038,47.3841,-122.006,1610,27600,273.96
852,140731,438000.0,3.0,2.5,1520,1304,2.0,0,0,3,8,1180,340.0,2006,140731,98136,47.5446,-122.385,1270,1718,288.16
853,140716,450000.0,4.0,1.75,2390,23899,1.0,0,0,3,7,1750,640.0,1949,140716,98028,47.7557,-122.23700000000001,1840,33900,188.28
854,140627,327000.0,5.0,2.75,2400,8050,2.0,0,0,3,8,2400,0.0,1998,140627,98092,47.2635,-122.209,2400,8050,136.25
855,140812,370500.0,4.0,2.5,1790,6120,2.0,0,0,3,7,1790,0.0,2005,140812,98059,47.4829,-122.12799999999999,1950,5660,206.98
856,141022,265000.0,3.0,2.5,1720,6271,2.0,0,0,3,7,1720,0.0,1993,141022,98038,47.3898,-122.04899999999999,1570,6587,154.07
857,150310,450000.0,4.0,2.75,2980,13260,1.0,0,0,4,8,1800,1180.0,1979,150310,98056,47.5152,-122.197,1920,10731,151.01
858,140627,425000.0,3.0,1.0,1520,213444,1.5,0,3,5,8,1520,0.0,1988,140627,98027,47.5081,-122.09299999999999,2640,213444,279.61
859,141113,166600.0,3.0,1.75,1150,8690,1.0,0,0,4,7,1150,0.0,1977,141113,98042,47.3729,-122.115,1330,7040,144.87
860,140620,245000.0,1.0,0.75,380,15000,1.0,0,0,3,5,380,0.0,1963,140620,98168,47.481,-122.323,1170,15000,644.74
